3075 4725
1082 369 1365 460 ἔπαγε.
2165 379 2327 442 ’227

253 568 428 612 voces
481 569 668 625 ponas
681 587 702 626 ,
767 567 892 608 non
947 547 1196 624 amplius
1251 547 1408 608 idem
1460 546 1809 622 significabit
1865 548 2121 622 ipsarum
2176 561 2347 607 una-·

2400 571 2450 618 p.
2492 553 2613 610 384.

252 654 548 710 quaeque,
612 631 768 710 quod
827 634 1030 693 ambae
1091 633 1283 694 simul.
1387 630 1700 690 Praeterea
1756 632 1820 689 in
1876 633 2319 693 constructionis
2428 705 2437 717 .

171 717 184 730 '
251 717 688 818 distributione,
743 737 866 778 vox
908 711 973 781 τί
1016 717 1089 777 ad
1132 718 1358 776 nullum
1396 736 1614 775 nomen
1653 715 1935 791 refertur,
1982 723 2041 775 et
2082 718 2168 776 sic
2207 737 2317 792 pro

126 820 139 831 ⁰
246 794 538 902 πότερον
586 809 645 864 ct
703 789 871 904 ἆρα,
921 802 1100 862 simul
1150 805 1415 878 iunctae,
1469 809 1532 859 ιιι
1573 820 1691 858 una
1731 799 1903 858 dictio
1946 800 2319 906 accipitmtur.

248 882 570 962 Gregorius
612 878 681 949 τί
725 873 873 961 οὖν,
928 879 1097 960 θεὸς
1137 880 1212 948 τὸ
1259 883 1556 962 πνεῦμας
1596 887 1639 942 ι.
1681 904 1736 942 e.
1784 871 1884 968 ἄρ’
1933 875 2084 946 ουν
2062 930 2079 961 ,
2128 905 2319 986 secus,

246 969 302 1029 si
347 989 564 1029 nomen
616 961 687 1032 τί
741 969 816 1029 ad
866 969 1288 1030 substantivum
1341 967 1578 1044 aliquod
1627 969 1940 1042 referatur,
1982 976 2119 1029 tunc
2158 972 2320 1029 enim

245 1052 585 1116 dissolvitur
623 1061 996 1132 aggregatum
1011 1095 1044 1130 ,
1082 1071 1200 1114 nec
1235 1054 1482 1128 amplius
1522 1061 1587 1112 ιιι
1606 1073 1807 1118 ιιιιιιιιι
1852 1052 2139 1128 quoddam
2179 1055 2319 1114 sub-

247 1137 432 1212 sistit,
486 1138 594 1199 sed
650 1137 916 1224 singulae
973 1146 1206 1244 partes,
1260 1147 1324 1196 ιιι
1363 1138 1652 1212 membra,
1696 1138 2104 1196 constructioni
2152 1136 2316 1197 adhi-

247 1221 486 1298 bentur,
540 1229 606 1281 ut
643 1223 702 1283 si
739 1222 936 1282 dicas:
991 1217 1063 1286 τί
1105 1212 1220 1286 οὖν
1265 1218 1514 1305 ζητεῖς.
1561 1229 1699 1280 tuno
1735 1240 1861 1280 vox
1899 1213 1968 1283 τί
2004 1223 2115 1280 erit
2151 1242 2316 1280 accu-

245 1307 418 1366 sativi
473 1325 676 1382 casus,
735 1307 904 1366 verbi
949 1302 1164 1390 ζητεῖς
1201 1306 1529 1382 pendentis.
1614 1302 1715 1366 Sic
1756 1307 1810 1365 si
1852 1304 2044 1380 dicas,
2090 1298 2158 1368 τί
2199 1294 2317 1369 οὖν

209 1451 212 1454 ,
247 1383 403 1452 κλαι
402 1411 556 1464 εις
576 1391 676 1450 vel
719 1390 880 1452 aliud
917 1391 1160 1451 verbum
1201 1392 1526 1451 absolutum
1566 1383 1635 1452 τί
1671 1391 1805 1449 voci
1846 1389 2123 1464 adpones,
2166 1385 2323 1452 δια-

241 1466 310 1535 τίἷ
364 1447 729 1551 significabit.
815 1472 1268 1536 Observandum
1323 1485 1543 1548 autem,
1598 1473 1889 1533 interdum
1928 1472 2164 1549 propter
2204 1494 2313 1533 no-

239 1558 416 1616 minis
473 1559 990 1634 subsequutionem
1004 1601 1024 1636 ,
1086 1560 1338 1620 dissolvi
1390 1566 1764 1662 aggregatum
1819 1557 2007 1618 videri
2058 1551 2125 1620 τί
2176 1545 2317 1632 οὖν,

238 1647 304 1698 ιιι
352 1639 417 1700 ιιι
472 1639 576 1700 illa
629 1644 970 1744 quaestione
1027 1639 1318 1704 Caesarii:
1375 1639 1443 1706 τί
1496 1631 1618 1708 οὗν
1668 1629 1831 1704 ἷὶλλο
1858 1634 2174 1743 νομίζεις
2227 1639 2313 1726 τῇ

239 1715 445 1823 φύσει
497 1720 618 1787 τὸν
667 1719 1143 1830 ὑπερκείμενον
1190 1718 1509 1826 οὐρανὸν,
1564 1720 1759 1810 παρὰ
1808 1717 1923 1786 τὸν
1976 1717 2312 1825 ὁρώμενον

238 1806 473 1870 τοῦτον
517 1804 630 1872 καὶ
670 1804 1014 1909 στερέωμα
1055 1802 1422 1891 λεγόμενον.
1527 1806 1648 1866 Ubi
1689 1825 1907 1866 nomen
1951 1800 2046 1879 τί,
2089 1806 2161 1865 ad
2202 1826 2311 1864 no·
2339 1851 2344 1856 .

237 1911 376 1950 men
418 1880 584 1957 ἄλλο
629 1893 838 1952 referri
880 1893 1138 1969 videtur,
1195 1901 1258 1951 ut
1299 1893 1352 1952 si
1393 1891 1643 1967 diceret,
1688 1885 1756 1953 τί
1795 1879 1957 1953 α’λλο
1999 1885 2311 1968 νομίζεις,

239 1995 368 2034 cum
424 1985 618 2036 tamen
657 1977 848 2080 (meo
899 1977 1180 2080 iudicio),
1236 1975 1350 2035 hoc
1404 1976 1579 2035 etiam
1629 1977 1693 2033 in
1733 1975 1901 2050 loco,
1938 1974 2185 2032 formale
2226 1975 2308 2031 si-

238 2080 419 2136 gnum
470 2061 548 2121 sit
603 2056 715 2134 τὸ,
767 2054 835 2124 τί
891 2082 1032 2134 ουν,
1087 2069 1144 2120 et
1187 2055 1667 2137 διεσταλμένως
1705 2057 1825 2136 legi
1867 2059 2089 2118 debeat.
2169 2053 2321 2116 Non-

237 2146 428 2218 enim,
491 2143 662 2227 quod
712 2141 898 2206 uliud
953 2143 1238 2226 superius
1293 2143 1530 2206 coelum
1580 2154 1761 2222 putet
1770 2185 1797 2218 ,
1832 2163 2028 2223 quam
2066 2138 2309 2202 visibile

233 2226 349 2290 boc
395 2229 739 2304 interrogat3
813 2227 952 2304 sed,
1022 2226 1326 2326 numquid
1375 2225 1688 2310 superius
1716 2226 1951 2288 coelum
2000 2222 2309 2289 diversum

233 2322 465 2375 nutura
520 2335 565 2375 α
618 2310 854 2375 visibili
901 2309 1020 2375 hoc
1079 2310 1422 2375 existimet.
1506 2309 1662 2371 Nam
1719 2313 1879 2387 prior
1916 2310 2021 2371 illa
2058 2311 2307 2369 interro-

234 2399 390 2473 gatio
431 2399 498 2455 in
539 2400 1006 2457 enunciationem
1046 2398 1461 2473 convertitur5·
1487 2398 1776 2501 posterior
1814 2396 1961 2455 haec
2000 2394 2306 2453 dubitatio-

235 2501 374 2539 nem
429 2484 656 2542 retinet.
743 2480 923 2561 Quod
976 2492 1168 2542 autem
1230 2482 1303 2540 de
1345 2476 1414 2543 τί
1462 2471 1578 2543 οὖν
1617 2480 1893 2583 dicimus,
1932 2480 2090 2538 idem
2132 2481 2304 2537 etiam

236 2563 310 2622 de
363 2560 429 2627 τί
483 2561 558 2627 δὲ
613 2566 918 2624 dicendum
972 2575 1080 2623 est.
1167 2562 1424 2638 Utraque
1472 2566 1633 2623 enim
1676 2555 2145 2636 ἀποστατικῶς
2192 2556 2306 2623 καὶ

237 2642 746 2723 διεσταλμένως,
820 2648 861 2705 ι.
927 2668 980 2706 e.
1053 2649 1360 2707 seiunctim
1424 2668 1460 2705 a
1519 2648 1895 2722 sequentibus
1955 2644 2304 2722 proferenda

235 2738 402 2807 sunt,
444 2750 574 2789 cum
613 2732 784 2807 signo
826 2730 999 2791 etiam
1041 2730 1162 2816 τῆς
1202 2726 1611 2814 διαστολῆς.

890 3184 1333 3254 CAPUT
1417 3186 1656 3253 XLIII.

730 3323 886 3389 Do
993 3347 1278 3391 voce
1384 3314 1791 3408 ἔπαγε.

377 3466 682 3559 'Arnay-e,
745 3476 1148 3557 adverbium,
1210 3501 1292 3541 ex
1350 3478 1689 3555 Imperativi
1746 3478 1904 3539 modi
1958 3479 2139 3540 verbo
2153 3519 2177 3557 ‚
2236 3478 2302 3536 in

237 3563 626 3623 adverbialem
685 3562 1169 3639 significationem
1229 3566 1567 3625 translatum
1582 3604 1603 3637 ‚
1666 3563 1825 3639 quod
1884 3572 1943 3623 et
1989 3565 2155 3621 iuxta
2207 3562 2302 3623 sui

235 3648 520 3723 orig-inem
572 3648 884 3707 verbaliter
943 3650 1287 3725 quandoque
1343 3651 1720 3723 construitur,
1766 3655 1831 3707 ut
1876 3637 2096 3727 ἔπαγε
2138 3666 2301 3708 σαυ-

238 3724 354 3794 τὸν
405 3731 525 3813 τῆς
579 3721 810 3805 ἀνοίας
867 3720 1217 3817 ἄνθρωπε,
1261 3734 1414 3807 apud
1456 3740 1745 3791 auctorem
1788 3732 2077 3813 quendam
2117 3731 2300 3789 eccle-

238 3816 566 3889 siasficum,
643 3818 710 3873 ιιι
768 3816 952 3891 libro,
1016 3819 1107 3875 cui
1169 3817 1398 3878 titulus.
1473 3809 1745 3889 πεύσεις
1805 3814 2302 3912 προσαχθεῖσαι

237 3892 590 4003 Καισαριῳ
646 3909 754 3958 etc.
851 3898 1288 3961 Adverbialiter
1333 3918 1474 3961 vero
1519 3908 1812 3975 acceptum
1860 3901 2167 3974 opponitur
2206 3896 2301 3979 τῶ

241 4004 414 4085 ευγε,
471 3992 530 4043 et
576 3984 822 4045 eandem
877 3989 1358 4045 constructionem
1411 3985 1632 4057 recipit.
1715 3981 1797 4042 Ut
1842 3986 1998 4042 enim
2038 3982 2301 4053 dicimini,

241 4087 386 4169 ευγε
442 4067 560 4151 τῆς
617 4060 905 4167 ευνοίας,
968 4070 1065 4129 vel
1097 4062 1661 4171 φιλανθρωπίας,
1715 4061 2143 4137 ἐλλειπτικως
2182 4060 2301 4122 τοῦ

243 4144 473 4213 ἕνεκαε
529 4152 615 4212 sic
658 4172 874 4255 απαγε
918 4154 1037 4236 τῆς
1080 4146 1337 4227 ἀνοίας,
1387 4151 1486 4211 vel
1528 4139 1999 4251 o’cqwqoodvqffiu
1980 4145 2300 4207 subintelli-

241 4232 431 4309 gendo
490 4229 564 4299 τὸ
633 4230 858 4315 ἕνεκα,
921 4235 1074 4313 apud
1137 4236 1653 4315 chrysostomum,
1708 4252 1865 4319 περι.
1918 4232 2038 4315 τῆς
2079 4247 2300 4314 ιερωσ.
2359 4315 2365 4323 .

2385 3492 2588 3545 απαγε.
