3075 4725
522 1554 1836 1723 'xPraefatia

1084 1934 1494 1950 cuffi—

259 2186 693 2316 Matthaei
750 2228 1060 2307 Devarii
1120 2230 1405 2306 librum
1467 2233 1565 2307 de
1628 2233 2008 2333 particulis
2072 2236 2316 2315 Grae-

259 2387 394 2439 cae
437 2360 734 2462 linguae
783 2383 960 2434 cum
1007 2365 1086 2433 et
1135 2358 1301 2460 ipse
1341 2358 1522 2438 inde
1557 2385 1604 2438 a
1647 2383 1887 2462 puero
1924 2365 2314 2468 diligenter

257 2480 792 2557 consuluissem
871 2486 950 2552 et
1028 2478 1126 2553 ab
1191 2478 1356 2553 aliis
1411 2482 1926 2582 cognovissem
1990 2488 2315 2562 eundem

255 2601 519 2676 sedulo
591 2597 942 2696 usurpari
955 2650 982 2692 ,
1062 2596 1526 2698 exemplaria
1588 2609 1843 2676 autem
1909 2603 2069 2678 eius
2134 2605 2313 2680 libri

255 2719 555 2820 vulgata
613 2739 864 2816 neque
940 2715 1130 2791 satis·
1158 2714 1551 2793 emendata
1596 2743 1847 2819 neque
1890 2721 1995 2797 ita
2033 2723 2315 2797 instrui.

257 2847 375 2913 cta
390 2890 417 2932 ,
505 2859 738 2934 quem
822 2835 921 2910 ad
985 2834 1302 2908 modum
1373 2856 1464 2909 ea
1535 2837 1673 2908 lux
1687 2889 1714 2931 ,
1797 2861 1995 2938 quae
2054 2849 2313 2918 nostro

254 2967 598 3056 tempore
638 2956 759 3029 his
800 2953 1067 3027 litteris
1119 2951 1459 3048 adfulsit,
1499 2955 1943 3054 postularet,
1984 2959 2313 3060 circum..

256 3075 444 3150 ferri
482 3073 1056 3172 intellexissem,
1109 3075 1745 3172 operaepretium
1779 3101 1907 3151 me
1935 3057 2312 3156 factm-um

257 3193 732 3288 existimavi,
815 3192 884 3266 si
945 3198 1022 3264 et
1079 3189 1391 3266 Devarii
1446 3192 1731 3268 librum
1791 3220 1941 3294 qua
1999 3221 2307 3297 possem

261 3312 636 3412 diligentia
723 3332 1341 3411 recognoscerem
1422 3318 1504 3406 et,
1575 3335 1768 3409 quae
1848 3314 1931 3387 in
2011 3336 2103 3388 eo
2182 3323 2311 3390 aut

260 3431 538 3507 omissa
584 3431 806 3528 plane
844 3437 974 3506 aut
1019 3452 1162 3526 pro
1210 3436 1641 3527 temporum
1693 3429 1998 3505 illorum
2022 3431 2310 3506 ratione

257 3574 413 3624 non
461 3546 636 3622 satis
682 3555 888 3622 recte
933 3547 1206 3621 tradita
1255 3554 1538 3640 essent,
1606 3546 1733 3620 vel
1780 3547 2139 3624 adderem
2185 3549 2310 3626 vel

259 3666 745 3768 corrigerem.
861 3664 1060 3739 Cum
1118 3669 1372 3738 autem
1437 3663 1792 3740 viderem
1820 3671 1825 3674 ’
1852 3666 2028 3740 satis
2095 3691 2310 3742 com-

169 3777 182 3784 ⁸
258 3786 566 3862 modam
611 3781 791 3858 libri
837 3780 1168 3858 formam
1215 3807 1369 3856 non
1415 3779 1583 3857 fore
1595 3818 1640 3877 ‚·
1677 3781 1743 3856 si
1791 3783 2309 3861 commentarii

259 3904 415 3980 mei
441 3904 538 3981 ad
559 3902 809 4003 ipsum
822 3899 1133 3977 Devarii
1158 3901 1601 4001 opusculum
1621 3900 2141 3998 adficerentur,
2159 3903 2310 3981 hoc
2446 3941 2451 3948 ¹

257 4022 451 4099 mihi
498 4029 611 4096 est
648 4021 899 4098 visum
945 4019 1203 4120 priore
1250 4018 1633 4096 volumine
1673 4019 1983 4096 Devarii
2024 4021 2308 4095 librum

263 4148 603 4218 accurate
677 4138 1102 4214 describere
1118 4191 1144 4232 ,
1227 4137 1531 4213 resectis
1592 4145 1846 4213 tamen
1910 4136 2043 4232 iis,
2113 4162 2307 4236 quae

263 4261 324 4344 Ι.
387 4257 483 4336 Gr.
539 4259 1049 4346 Reusmannus
1127 4258 1328 4333 bono
1407 4255 1534 4331 ille
1602 4255 1909 4355 quidem
1972 4255 2304 4349 consilio,
2399 4255 2409 4266 '

1756 4378 1825 4438 A
1844 4375 1891 4438 2
