3075 4725
735 365 824 436 τὸ
879 367 1204 443 καὶτὸ,
1259 364 1348 433 τὸ
1403 366 1601 471 ufir,-
1640 367 1731 436 τὸ
1790 367 1895 438 δέ.
2223 363 2351 434 2⁰5

279 532 460 617 Fac,
479 553 588 602 ut
639 538 847 604 omnia
891 537 984 600 ad
1020 559 1118 602 me
1149 537 1508 622 perscribas
1521 583 1550 615 ,
1587 559 1800 646 meque
1837 539 1908 601 iet
1929 533 2117 620 strofa
2133 579 2159 612 ,
2200 527 2355 600 velie

285 646 414 687 esse
468 624 812 706 aliquem.-
801 622 1154 706 quoniam
1180 625 1308 705 qui
1343 623 1443 686 sui
1447 667 1474 698 ,
1535 636 1599 685 et
1646 623 1782 704 qui
1806 642 1938 684 esse
1952 621 2181 704 potm',
2222 620 2351 684 iam

277 730 416 776 ,esse
472 729 595 771 non
641 730 932 793 possum.-
986 718 1138 767 certe
1189 729 1270 767 ex
1320 706 1583 766 Platonis
1638 709 1999 782 auctoritate,
2043 727 2217 782 quam
2255 707 2351 763 iti·-

287 793 420 852 dem
475 792 643 851 affert
693 793 765 852 ad
810 792 1228 852 ostendendum
1267 813 1439 852 usum
1477 791 1663 850 huius
1693 794 1853 851 vocis
1890 793 1955 848 in
1997 811 2103 850 suo
2145 799 2350 849 neutro

284 897 536 952 genere,
606 867 832 955 ὗμᾶςτ
827 897 930 938 τε
975 872 1201 948 ἐλεῶ,
1267 871 1379 940 ὅτι
1419 869 1675 940 οἴεσθέ
1734 895 1803 939 τι
1863 876 2095 947 τοιεῖν,
2160 865 2353 937 οὐδὲν

287 960 666 1050 πσισῦντες.

439 1041 568 1102 Pro
633 1031 832 1118 ποῖορ
885 1043 1090 1119 etiam,
1151 1052 1209 1102 et
1249 1035 1492 1117 ὁποῖος
1542 1033 1721 1118 accipi
1764 1035 1898 1117 τίς,
1942 1031 2353 1140 ὄξυνόμενον,

285 1123 440 1187 recte
489 1130 786 1187 annotavit
848 1125 1155 1202 Budaeus,
1223 1139 1286 1184 ιιι
1341 1127 1492 1202 apud
1534 1125 1842 1186 Demosth.
1898 1122 2044 1220 λέγε
2101 1118 2182 1206 δή
2234 1145 2357 1224 μοι

286 1207 408 1286 τὰς
462 1207 860 1310 μαρτυρίας,
927 1206 1028 1286 τίς
1092 1206 1218 1292 ἐγὼ
1280 1206 1482 1312 πρὸς
1503 1208 1659 1284 τοὺς
1710 1203 2207 1288 συμβάλλοντας
2244 1199 2356 1269 ἇν-

2418 1031 2513 1095 τίς,
2550 1044 2649 1094 pro

2416 1103 2578 1184 nolof
2610 1109 2662 1149 et

2428 1185 2638 1226 οποιος.

284 1287 614 1384 θρώπους
684 1290 836 1368 τοὺς
912 1293 1263 1378 ὁεομέιους
1339 1287 1497 1380 εἶμί.
1623 1292 2077 1367 Ciceronemque
2150 1291 2355 1352 eodem
2459 1337 2465 1345 .

286 1375 478 1437 niodo
507 1382 675 1437 usuin
717 1399 848 1438 esse
889 1382 1232 1454 pronomine
1276 1379 1406 1460 qui,
1451 1398 1583 1436 cum
1625 1378 1790 1436 dicit.
1842 1375 2195 1457 Xenophon
2230 1374 2362 1450 So&

279 1461 599 1538 creticus,
647 1461 759 1544 qui
798 1462 894 1524 υἰν
935 1476 998 1524 et
1039 1461 1348 1544 quantus!

984 1593 1123 1660 T6
1235 1592 1432 1660 καὶ
1537 1589 1679 1660 τό.

2431 1619 2484 1667 p.
2522 1599 2643 1654 348.

462 1708 554 1773 Τὸ
624 1707 738 1776 καὶ
798 1707 908 1785 τὸ,
969 1736 1076 1789 pro
1137 1715 1336 1778 τοῦτο
1401 1708 1514 1776 καὶ
1568 1711 1772 1776 τοῦτο
1836 1716 1989 1788 apud
2050 1705 2357 1773 Demosth.
2374 1708 2433 1767 τὸ
2478 1713 2575 1765 καὶ
2617 1704 2699 1766 τό.

289 1790 449 1873 περὶ
490 1795 608 1858 τοῦ
652 1790 984 1896 στεφάνου
1027 1803 1109 1869 [§.
1140 1803 1285 1855 243.
1327 1797 1418 1856 ed.
1451 1795 1651 1855 Bekk.
1694 1818 1753 1898 p.
1782 1803 1926 1860 308.
1971 1799 2062 1857 ed.
2099 1795 2321 1856 Reisk.
2310 1802 2360 1872 ]‚

290 1879 471 1952 accipi
526 1888 680 1936 recte
736 1881 957 1937 notavit
999 1879 1307 1939 Budaeus.
1365 1873 1428 1942 εἰ
1484 1877 1560 1942 τὸ
1610 1878 1723 1942 καί
1764 1875 1841 1941 τὸ
1888 1867 2272 1964 ἐποίησεν3
2244 1871 2361 1940 άν-

287 1961 620 2046 θρωπος,
663 1981 786 2023 ουκ
839 1985 918 2024 αν
973 1955 1330 2026 ἀπέθανεν.
1426 1961 1524 2021 De
1574 1983 1689 2038 quo
1746 1964 1981 2022 articulo
2038 1963 2361 2022 docendum

289 2056 409 2121 est,
452 2065 577 2103 non
629 2045 818 2104 solum
857 2047 921 2103 in
963 2046 1376 2109 Accusativo
1367 2049 1569 2121 accipi
1602 2068 1715 2121 pro
1756 2047 1951 2110 τοῦτο
1994 2051 2359 2123 pronomine,

288 2139 352 2188 ut
404 2132 469 2188 in
524 2131 653 2187 loco
711 2131 879 2189 citato
920 2129 1367 2190 Demosthenis.
1422 2131 1528 2191 sed
1572 2134 1744 2190 etiam
1786 2133 1877 2188 ἰιι
1895 2132 2042 2194 aliis
2082 2131 2357 2211 casibus,

289 2223 353 2272 ut
411 2215 464 2273 si
521 2213 710 2289 dicas,
755 2208 828 2276 τὸ
878 2211 989 2276 καί
1031 2209 1105 2276 τὸ
1151 2213 1388 2296 συνέβη
1423 2235 1583 2316 μοι,
1629 2227 1763 2274 tunc
1806 2219 2148 2276 nominativi
2190 2230 2359 2275 casus

291 2305 460 2357 e'runt
505 2319 681 2358 voces
724 2292 800 2361 τὸ
846 2293 958 2360 καὶ
994 2291 1096 2360 τό.
1175 2297 1254 2356 Ει
1294 2301 1379 2358 sic
1418 2301 1483 2356 iu
1528 2299 1659 2358 aliis
1704 2301 1967 2391 casibus,
2012 2309 2075 2359 ut
2115 2301 2359 2377 exigunt

287 2393 484 2457 partes
501 2425 521 2458 ,
577 2404 734 2442 cum
760 2383 1005 2483 qui-‘bus
1027 2384 1342 2459 copulatur.
1443 2382 1601 2443 Nam
1663 2376 1927 2461 enallage
1980 2388 2046 2443 in
2080 2387 2357 2461 partibus

291 2468 730 2539 declinabilibus
744 2509 800 2545 ,
821 2469 874 2526 si
923 2469 988 2525 iu
1045 2490 1164 2527 uno
1219 2489 1356 2527 casu
1398 2470 1751 2543 admittatur,
1792 2471 1858 2528 in
1897 2471 2141 2545 reliquis
2182 2472 2357 2529 etiam

273 2552 630 2611 admittitur.
663 2558 853 2627 puta,
911 2553 965 2610 si
1018 2554 1289 2613 articulus
1342 2538 1695 2613 masculinus
1744 2555 1808 2611 in
1861 2556 2048 2629 prima
2098 2574 2242 2634 voce
2296 2546 2355 2625 ὃ,

289 2656 440 2731 pro
461 2654 656 2707 ουτος
717 2636 1020 2709 accipitur,
1084 2636 1202 2699 τοῦ
1266 2639 1437 2694 etiam
1488 2658 1593 2710 pro
1654 2629 1927 2711 τούτου,
1984 2646 2043 2696 et
2097 2638 2192 2720 τῷ
2239 2658 2355 2713 pro

289 2708 537 2798 τούτῳ,
581 2726 638 2773 et
679 2712 805 2815 τὸν
835 2738 940 2789 pro
982 2718 1216 2781 τοῦτον
1251 2721 1641 2811 usurpabitur.
1698 2718 1991 2793 Exempla
2030 2730 2164 2783 sunt
2194 2720 2357 2793 apud

291 2790 644 2859 Homerum:
703 2790 784 2860 ὁ
779 2820 926 2879 γαρ
982 2798 1264 2897 βασιλῆϊ
1304 2796 1669 2901 χολωθείς,
1702 2811 1779 2859 et
1828 2824 1945 2864 του
1986 2799 2114 2901 γὰρ
2158 2800 2359 2902 πέσεν

294 2874 441 2966 α’γχι
481 2876 790 2955 μάλιστα.
831 2882 927 2965 τῷ
971 2880 1030 2944 ‹5’
1075 2871 1264 2945 ούπω
1306 2904 1409 2959 τις
1451 2875 1705 2963 ὁμοῖος.
1750 2877 1863 2948 τόν
1904 2879 1964 2949 6’
2014 2907 2149 2965 αρα
2186 2877 2359 2948 ὑπό-

295 2964 458 3052 δρα
469 2960 630 3033 idm
671 2965 791 3039 [eff.
834 2964 1002 3037 Iliad.
1043 2958 1106 3029 ά.
1149 2988 1226 3029 v.
1251 2972 1308 3027 9.
1375 2961 1449 3043 ξ’
1495 2989 1555 3027 v.
1598 2972 1742 3029 470.
1808 2962 1876 3031 ά.
1920 2992 1979 3031 v.
2026 2974 2211 3041 148..]

463 3049 796 3110 Notandum
852 3062 1072 3126 autem,
1127 3073 1232 3127 pro
1272 3052 1576 3111 indefinita
1614 3062 1672 3111 et
1710 3056 1929 3113 incerta
1968 3076 2035 3115 re
2076 3055 2189 3119 dici
2225 3074 2359 3130 pro-

295 3135 516 3209 positas
576 3154 792 3209 voces,
866 3146 923 3191 et
980 3135 1136 3194 idem
1197 3136 1430 3210 valere,
1503 3134 1658 3211 quod
1720 3134 1839 3200 τὸ
1864 3136 2046 3201 δεῖνα
2109 3133 2221 3200 καὶ
2281 3132 2356 3199 τὸ

296 3208 524 3280 δεῖνα.
587 3215 750 3277 Sicut
804 3219 976 3277 etiam
1025 3221 1089 3277 in
1129 3232 1346 3294 'genere
1387 3220 1704 3279 masculino
1746 3214 1861 3282 τὸν
1902 3216 2017 3284 καὶ
2052 3216 2167 3283 τὸν
2208 3220 2379 3295 apud·

297 3298 578 3379 Lysiam.
641 3296 755 3373 καί
811 3322 932 3379 μοι
983 3294 1172 3365 κάλει
1228 3298 1341 3365 τὸν
1383 3324 1494 3372 και
1537 3297 1679 3371 τὸν,
1722 3325 1827 3379 pro
1869 3298 1983 3375 τὸν
2025 3302 2207 3369 δεῖνα
2251 3300 2378 3371 καὶ.

299 3381 416 3449 τὸν
459 3382 671 3459 δεῖνα,
715 3384 777 3443 h.
821 3406 873 3443 e.
916 3384 1080 3447 launo
1119 3398 1182 3447 et
1221 3385 1564 3451 illum.1n
1605 3408 1719 3462 quo
1758 3386 1985 3465 Lysiae
2025 3389 2187 3461 loco,
2234 3407 2367 3445 cum

300 3471 512 3529 verba
531 3472 650 3529 siut
699 3468 968 3531 iubentis
1029 3481 1206 3533 testes
1260 3470 1329 3532 in
1385 3471 1657 3535 medium
1708 3472 2007 3553 prodire,
2048 3471 2377 3531 notandum-

295 3563 448 3627 -est,
483 3554 828 3613 indefinite
848 3553 962 3613 dici
1011 3549 1125 3617 τὸν
1179 3550 1291 3617 καὶ
1343 3550 1454 3617 τὸν
1475 3598 1489 3625 ,
1549 3557 1675 3616 sive
1728 3556 1897 3631 quod
1934 3575 2103 3631 rec„
2126 3556 2199 3613 de
2248 3575 2377 3629 qua.

301 3636 591 3719 loquutur,
645 3638 789 3717 adeo
844 3648 982 3715 nota
1037 3647 1192 3697 esset
1240 3641 1539 3713 omnibus,
1594 3647 1658 3696 ut
1709 3660 1831 3699 non
1872 3639 2061 3699 solum
2098 3641 2363 3703 nomina-

303 3729 396 3781 tus
454 3724 734 3798 quisque,
769 3706 890 3781 sed
944 3723 1184 3797 quilibet
1233 3724 1362 3783 sine
1417 3722 1751 3783 discrimine
1813 3724 1885 3783 de
1941 3725 2071 3799 ipsa
2107 3725 2365 3788 testimo-

295 3806 482 3866 nium.
508 3805 699 3866 dicere
737 3814 964 3881 posset:
1023 3815 1121 3865 aut
1159 3808 1239 3865 ita
1279 3805 1583 3867 indefinite
1625 3807 1817 3866 locum
1854 3808 2184 3883 nominibus
2224 3828 2367 3883 pro-

287 3892 450 3971 'priis
490 3890 726 3965 reliquit
767 3887 1013 3965 Orator,
1056 3891 1212 3965 quod
1251 3890 1319 3949 fit
1358 3893 1421 3949 iu
1463 3891 2010 3969 declamationibus,
2050 3913 2209 3971 quao-
2238 3892 2371 3973 velt

303 3975 390 4057 uti
430 3974 712 4033 formulae
753 3982 889 4034 sunt
932 3974 1254 4034 forensium
1297 3977 1637 4035 orationum.

986 4109 1052 4169 T
1063 4102 1102 4173 6
1163 4130 1211 4188 μ
1235 4104 1325 4174 ἑν
1343 4154 1363 4184 ,
1428 4128 1467 4171 τ
1488 4104 1525 4173 6
1592 4106 1634 4174 6
1653 4106 1705 4175 ἑ.

484 4220 577 4288 T6
645 4222 766 4303 μὲν
822 4234 882 4285 et
941 4221 1017 4290 τὸ
1083 4221 1158 4291 δὲ
1172 4268 1192 4303 ,
1265 4226 1524 4289 eiusdem
1588 4229 1883 4306 eiiallages
1946 4230 2199 4304 ratione,
2260 4248 2368 4304 pro

2437 3824 2491 3874 p.
2526 3808 2647 3865 349.

2368 4172 2443 4233 τὸ
2476 4175 2611 4303 pagg,
2647 4173 2706 4231 τὸ
