3075 4725
775 428 1002 479 x-v111
1552 386 2056 476 Praefatio.

773 602 1010 667 stores,
1064 604 1290 650 verum
1355 580 1548 647 etiam
1604 580 1978 675 cardinales
2037 580 2365 665 nonnulli,
2424 578 2495 644 h.
2539 602 2596 644 e.
2641 576 2829 667 Reip.
2916 667 2925 673 ἱ

773 701 1179 769 Christianae
1241 697 1526 792 lumina,
1602 714 1664 765 et
1720 699 1955 767 summi
2017 699 2207 765 etiam
2270 696 2617 766 Pontifices
2678 718 2829 784 pro-

735 820 1016 885 ·diere?.
1047 840 1350 905 quorsum
1415 840 1536 907 ego
1590 819 1966 883 Marcellum
2012 800 2333 883 cervinum
2376 817 2495 881 hoc
2526 814 2673 880 loco
2714 834 2832 876 no-

769 936 1054 1004 minem?
1111 935 1220 1022 qui
1277 935 1359 1001 ob
1411 934 1731 1019 insignem
1791 934 2047 1001 virtutis
2095 947 2156 998 et
2197 931 2540 1023 sapientiae
2578 930 2831 997 laudem

773 1054 872 1119 ad·
915 1076 1285 1142 supremum
1346 1052 1771 1117 sacerdotium
1832 1066 1927 1117 est
1988 1066 2277 1149 evectus:
2342 1036 2451 1135 qui
2480 1044 2659 1113 *cum
2724 1046 2833 1144 diu

771 1188 978 1236 tecum
1037 1171 1196 1236 olim
1246 1168 1769 1253 familiariterque
1818 1167 2123 1250 vixisset,
2166 1167 2543 1253 gravissimo
2583 1180 2695 1231 tuo
2734 1178 2828 1228 te-
2926 1212 2939 1235 ,

765 1272 1106 1371 'stimonio‚
1147 1303 1218 1354 ut
1259 1312 1379 1378 par
1421 1302 1536 1370 est,
1578 1308 1707 1351 non
1751 1308 1888 1368 sua,
1934 1309 1970 1352 a
2015 1307 2136 1371 qua
2176 1283 2551 1371 longissime
2589 1282 2825 1362 aberat,

769 1406 1166 1486 ambitione3·
1198 1403 1506 1497 virtutum
1557 1424 1821 1469 suarum
1846 1412 1851 1415 ’
1877 1404 2053 1489 quasi
2108 1403 2413 1489 gradibus
2473 1400 2573 1465 ad·
2619 1420 2831 1463 saeros

769 1546 842 1586 ac
917 1543 1199 1587 summos
1235 1522 1547 1588 ‘honores
1615 1520 1972 1604 adscendit,
2056 1544 2245 1607 quem
2307 1534 2515 1584 tamen
2578 1516 2829 1581 videtur

759 1638 954 1703 Deus
1013 1639 1342 1709 ostendere
1393 1638 1604 1725 potius
1646 1638 2019 1703 mortalibus
2059 1628 2372 1719 voluisse,
2416 1658 2607 1721 quam
2653 1634 2823 1713 dare,

653 1792 660 1797 ·
768 1756 998 1844 quippe
1040 1754 1148 1841 qui
1189 1754 1409 1842 paucis
1455 1756 1677 1821 diebus
1718 1755 1913 1821 suerit
1956 1756 2024 1821 in
2065 1740 2443 1843 Apostolico
2486 1752 2618 1818 illo'
2642 1750 2823 1816 fasti-⁶

766 1872 886 1959 gio.
921 1887 1266 1960 superstes,
1307 1856 1400 1937 ut
1420 1887 1482 1938 et
1507 1872 1710 1940 illum
1751 1888 1926 1939 tanto
1966 1874 2209 1939 honore
2249 1869 2727 1956 dignissimum,
2759 1882 2821 1933 et

663 2039 668 2049 .
748 2013 884 2086 ‚nos
936 2006 1108 2057 tanto
1163 2003 1414 2078 pastore
1464 2012 1598 2056 non
1647 1992 1802 2057 satis
1841 1992 2112 2057 sortasse
2155 1988 2384 2073 dignos
2426 2010 2562 2053 esse
2609 1986 2820 2052 deela-

765 2114 955 2171 raret.
1054 2104 1300 2171 Omitto
1355 2109 1820 2173 Ber-nardinum
1884 2110 2247 2195 Maffaeum
2308 2120 2371 2171 et
2431 2106 2823 2188 Ardae‘nghel-

767 2224 965 2304 lium,
1011 2219 1439 2319 Cardinale&
1494 2223 1604 2308 'qui
1664 2222 1824 2288 illud
1892 2245 2212 2312 purpurae
2274 2222 2461 2286 decus
2534 2246 2572 2287 e
2633 2221 2821 2287 domo

765 2354 872 2402 tua
906 2339 1283 2422 retulerunt,
1326 2320 1498 2426 quod
1521 2338 1789 2407 illorum
1822 2340 2049 2406 merita
2081 2337 2505 2428 postulabant.
2550 2342 2823 2406 Ioannes

763 2457 1080 2524 Antonius
1111 2459 1583 2542 Ὲαοοῆἰηείἰω,
1610 2457 1767 2544 qui,
1812 2481 1961 2522 cum
2000 2459 2284 2546 primum
2310 2455 2586 2524 Romam
2616 2455 2818 2538 venit,
2899 2502 2905 2508 -
2984 2461 2987 2466 ’

745 2572 844 2636 ‘in
905 2587 1162 2640 tuorum
1231 2597 1517 2642 numero
1569 2576 2055 2642 domesticorum
2114 2599 2261 2642 cum
2322 2593 2585 2641 summa
2631 2576 2820 2640 laude

749 2695 1050 2756 *versatus
1111 2707 1242 2775 πη
1299 2692 1448 2760 inde
1511 2675 1919 2760 Triaemino‘
1950 2691 2243 2760 concilio
2295 2691 2623 2775 interfuit,
2670 2683 2819 2765 ,tum

755 2806 1062 2874 Venetias
1125 2835 1164 2876 a
1226 2809 1346 2877 Pio
1410 2810 1499 2880 V.
1564 2812 1830 2894 missus,
1914 2811 2301 2896 legationem
2367 2833 2616 2877 summa
2668 2801 2817 2876 eum

759 2922 1064 3009 dignitate
1127 2926 1322 3011 obiit,
1401 2927 1628 2993 deinde
1674 2951 1730 2994 ‚a
1800 2929 2106 3010 Gregorio
2166 2931 2387 2994 XIII.
2453 2925 2841 2994 Cardinaliw

759 3057 1005 3109 creatus
1061 3025 1188 3109 est:
1214 3073 1221 3080 ·<
1245 3044 1357 3110 vel
1413 3067 1580 3110 unus
1636 3058 1839 3133 potest
1894 3065 2031 3109 esse
2080 3043 2270 3110 huius
2322 3042 2420 3108 rei
2459 3044 2631 3111 testis
2669 3044 2811 3110 ido·-

753 3181 945 3242 neus,
1010 3160 1120 3248 qui
1187 3183 1360 3226 nune
1419 3161 1490 3226 in
1547 3160 1673 3227 hoe
1723 3175 2124 3228 sacrosancto
2171 3159 2439 3226 Patrum
2494 3159 2809 3250 Collegio,

753 3299 984 3364 magno
1037 3276 1205 3368 apud
1261 3298 1479 3345 omnes
1528 3292 1622 3346 est
1670 3278 1743 3344 in
1785 3280 2060 3361 honore,
2112 3279 2194 3343 ob
2234 3278 2455 3361 legum
2486 3279 2809 3345 humana·
2880 3344 2885 3348 ,

701 3441 706 3448 =
739 3415 924 3460 rum·
955 3417 1032 3461 ae
1083 3375 1448 3464 divinarum
1490 3395 1853 3478 scientiam,
1903 3394 2128 3481 quibus
2166 3393 2564 3482 potissimum
2606 3397 2807 3462 fultus

749 3512 1081 3596 praesidiis
1101 3559 1122 3596 ‚
1166 3517 1364 3581 multa
1393 3531 1467 3582 ⁴et
1505 3514 1883 3603 gravissima
1927 3491 2121 3580 onera
2161 3536 2281 3602 pro
2322 3513 2647 3600 dignitate·
2666 3527 2805 3580 'sus-
2876 3600 2881 3604 .

748 3607 906 3692 tinet
942 3625 1013 3691 in
1054 3629 1339 3698 Ecclesia
1375 3636 1591 3700 saneta
1633 3655 1751 3721 pro
1790 3631 2035 3700 viribus
2079 3619 2491 3700 sublevanda.'
2556 3627 2800 3694 Verum

743 3764 828 3807 ne
878 3743 962 3809 in⁴
1005 3745 1125 3810 hae
1162 3770 1233 3811 re
1261 3749 1526 3835 ‘longius
1570 3750 1923 3834 digrediar,
1964 3726 2167 3835 'qnam
2208 3730 2523 3831 aut'leges
2566 3733 2799 3830 episto-

684 3903 690 3928 ι
739 3860 846 3927 lae
895 3839 1251 3950 patiantur,
1307 3878 1416 3929 aut
1456 3864 1626 3940 vires
1666 3866 1845 3933 meae
1884 3867 2053 3932 ferre
2095 3865 2373 3956 possint,
2430 3860 2510 3925 ad
2551 3859 2797 3928 institu-

620 4003 628 4064 ¹.
739 3991 872 4044 tam
950 3979 1029 4047 de
1103 3981 1421 4049 avunculo
1493 4006 1636 4049 meo
1710 3984 2139 4050 narrationem
2208 3991 2621 4046 revertamur.
2696 3991 2705 4008 ·'
2727 3979 2796 4047 Is
2892 3961 2900 3974 ‚

743 4117 901 4180 ergo
965 4096 1140 4162 domi
1209 4113 1353 4163 tuae
1410 4077 1864 4168 Tridentinum
1920 4095 2280 4168 Concilium
2299 4141 2320 4178 ‚
2390 4110 2453 4164 et
2504 4096 2799 4192 catechi-

730 4211 956 4280 amum
970 4260 992 4298 ,
1023 4211 1146 4281 ³Pii
1187 4215 1272 4284 V.
1315 4209 1494 4286 iussu
1508 4264 1531 4303 ,
1590 4219 1661 4287 in
1713 4225 2013 4306 graecum
2068 4194 2155 4281 eit
2206 4213 2405 4281 latino
2458 4199 2790 4302 eonverti-t,
2862 4221 2871 4233 ⁸
