3075 4725
1018 307 1306 381 ταῦτα,
1369 313 1702 398 προτοῦ.
2258 307 2383 378 199

325 475 660 550 partitiones
700 495 807 551 per
848 495 1014 536 casus
1057 475 1253 541 τοῦτο
1296 479 1683 554 pronominis,
1722 499 1862 538 ‘cum
1901 479 2112 540 rectius
2160 479 2377 539 dicatur

320 579 426 706 per
478 559 700 660 articuli
757 560 924 620 casus
979 554 1052 622 τὸ
1105 557 1232 638 μὲν
1287 553 1500 626 αὐτῶν
1554 559 1921 637 δικανικὸν,
1983 558 2058 626 τὸ
2104 559 2179 628 δὲ
2215 565 2373 644 βου-

361 664 640 707 ευτικον.

1097 829 1599 895 Ταῦτα.

488 959 713 1024 Ταῦτα
767 962 1007 1037 pluralis
1062 983 1183 1022 vox
1237 966 1595 1040 pronominis
1649 962 1842 1027 τοῦτο
1856 1006 1874 1035 ,
1938 957 2368 1039 ἐλλειπτικῶς
2453 945 2640 1010 ταῦΨ·

310 1066 418 1120 pro
473 1038 586 1107 διὰ
637 1044 848 1108 ταῦτα
907 1047 1210 1123 accipitur,
1277 1050 1328 1108 si
1378 1048 1689 1124 particulae
1750 1035 1914 1130 ἄρα,
1971 1048 2069 1108 vel
2112 1042 2191 1131 δὴ
2205 1091 2226 1122 ,
2267 1057 2367 1108 aut

313 1149 418 1190 τοι
461 1129 578 1203 ipsi
620 1129 958 1204 iungantur,
1012 1130 1167 1190 uude
1208 1131 1275 1190 fit
1314 1125 1488 1196 ταῦτ’
1533 1122 1697 1215 ἄρα,
1765 1139 1823 1190 et
1862 1122 2069 1194 ταῦτά
2121 1151 2262 1204 τοι,
2305 1138 2364 1192 et

311 1211 517 1274 ταῦτα
559 1206 639 1295 δὴ
652 1255 670 1284 ,
715 1233 864 1288 quae
904 1215 1076 1290 plane
1119 1215 1273 1274 idem
1313 1217 1661 1292 significant.
1736 1211 1899 1274 Gaza
1938 1233 2019 1277 ex
2062 1211 2365 1290 Cicerone,

309 1285 488 1358 ταῦτ’
535 1281 670 1376 ἄρα
711 1291 826 1360 καὶ
867 1293 1212 1380 συμβαίνει
1251 1293 1425 1384 ὅπερ
1471 1291 1937 1383 ἀπεφηνάμην.
2022 1295 2139 1358 Ubi
2179 1291 2355 1362 ταῦτ’

307 1366 470 1464 ὅρα,
532 1382 702 1440 etiam
759 1374 968 1444 ταῦτά
1022 1403 1156 1455 τοι,
1208 1391 1281 1452 ει,
1317 1382 1528 1447 ταῦτα
1568 1381 1650 1466 δὴ
1694 1382 1807 1442 dici
1847 1381 2031 1456 potuit
2070 1374 2363 1446 αἰτιολο-

303 1462 504 1544 γικιῦς
555 1457 725 1542 μετὰ
777 1466 1151 1544 στοχασμοῦ
1210 1459 1255 1550 ἢ
1311 1459 1753 1567 βεβαιώσεως.
1836 1463 2022 1540 Apud
2059 1462 2361 1526 Platonem

302 1567 442 1604 vero
495 1545 703 1610 ταῦτα
759 1543 873 1632 δὴ,
925 1544 1096 1626 μετὰ
1149 1552 1572 1630 βεβαιωσεως
1611 1551 1822 1610 dictum
1857 1560 1977 1610 este
2020 1549 2229 1614 ταῦτα
2272 1547 2357 1635 δὴ

301 1621 886 1713 ἔκαλλωπισάμην,
940 1627 1049 1696 ἵνα
1106 1629 1308 1710 καλὸς
1357 1630 1547 1720 παρὰ
1605 1628 1805 1698 καλὸν
1845 1626 1949 1698 ἴω.
2032 1631 2105 1692 In
2148 1621 2360 1710 quibus

302 1716 566 1774 omuibus
607 1715 943 1774 subauditur
984 1711 1098 1779 διὰ
1137 1719 1505 1795 praepositio.

952 2179 1394 2246 CAPUT
1478 2178 1700 2244 XXV.

440 2313 610 2381 De
730 2313 1474 2384 adverbio
1618 2318 2203 2405 προτοῦ.

457 2484 755 2569 Προτοῦ,
807 2486 1167 2551 adverbium
1221 2482 1549 2567 1emporv's,
1604 2504 1683 2545 ex
1723 2488 2151 2561 praepositione
2191 2481 2346 2571 πρὸ,
2415 2488 2635 2565 προτοῦ.

291 2588 440 2645 quae
489 2590 722 2645 semper
767 2570 1050 2650 genitivo
1105 2572 1390 2647 iungitur,
1443 2579 1502 2629 et
1555 2568 1675 2632 τοῦ
1728 2572 1963 2630 articulo
1980 2615 2001 2647 ,
2042 2574 2172 2633 vice
2211 2593 2344 2647 pro-

289 2654 544 2711 nominis
603 2647 840 2716 τούτου
903 2666 1132 2729 accepto
1201 2662 1439 2713 constat.
1519 2650 1750 2711 Dicitur
1789 2656 1943 2713 euim
1986 2646 2025 2718 ὃ
2087 2646 2344 2738 προτοῦ
2425 2669 2475 2718 1³·
2495 2650 2615 2702 33⁸·

283 2730 554 2820 χρόνος,
629 2744 688 2792 et
749 2726 784 2795 ὁ
852 2730 1342 2817 προτοῦ,βίος,
1402 2736 1645 2809 perinde
1700 2756 1767 2794 ac
1820 2729 2044 2820 δ’πρὸ
2104 2733 2342 2800 τούτου

283 2811 555 2904 χρόνος,
611 2827 668 2877 et
718 2810 754 2879 ὃ
813 2818 948 2905 πρὸ
1002 2811 1241 2882 τούτου
1285 2812 1455 2898 βίος.
1558 2815 1676 2877 Ubi
1732 2838 2052 2893 pronomen
2106 2811 2342 2882 τούτου

285 2904 792 2963 demonstrativum
811 2944 832 2978 ,
895 2902 968 2961 ad
1020 2920 1298 2978 praesens
1352 2896 1608 2978 temp'us,
1661 2903 1761 2961 vel
1817 2903 1970 2961 aliud
2027 2903 2341 2980 quidpiam,

259 2985 440 3059 ‚quod
491 2994 747 3087 tempore
787 2989 973 3046 metiri
1016 2987 1299 3062 solemus,
1344 2987 1682 3046 relationem
1721 2985 1914 3046 habet.
1998 2984 2143 3046 Cum
2180 2989 2339 3048 enim

285 3070 528 3127 dicimus
569 3090 605 3131 ο
653 3072 907 3151 προτοῦ
945 3064 1206 3154 χρόνος,
1249 3079 1308 3131 et
1354 3063 1391 3131 ὅ
1437 3070 1693 3155 προτοῦ
1732 3067 1910 3151 βίος,
1951 3072 2335 3147 supplendum

284 3163 377 3213 est
418 3172 633 3213 nomeu
672 3154 1106 3228 appellativum,
1148 3153 1222 3212 ad
1263 3154 1415 3229 quod
1457 3155 1723 3231 refertur,
1763 3156 1827 3212 in
1862 3154 2143 3233 genitivo
2183 3178 2333 3218 casu

281 3238 605 3298 formatum.
688 3234 798 3295 Est
839 3239 993 3295 enim
1037 3239 1211 3312 plena
1255 3238 1464 3295 oratio:
1531 3228 1569 3300 ὃ
1613 3232 1747 3319 πρὸ
1795 3237 1913 3298 τοῦ
1957 3231 2109 3299 καθ’
2154 3228 2331 3335 ἡμᾶς

281 3317 436 3465 §lov
496 3315 672 3400 βίος,
737 3328 796 3379 et
855 3313 892 3381 ὁ
962 3314 1095 3404 πρὸ
1162 3320 1278 3383 τοῦ
1343 3311 1496 3383 καθ’
1562 3310 1738 3405 ἡμᾶς
1786 3312 2026 3419 χρόνου
2073 3342 2326 3403 χρονος.

345 3425 424 3464 on
485 3424 715 3479 semper
765 3413 952 3463 autem
1007 3406 1406 3480 repetitionem
1444 3402 1595 3463 hanc
1638 3406 1891 3463 nominis
1931 3403 2060 3462 fieri
2101 3406 2327 3464 eontin-

281 3490 384 3564 git.
457 3485 610 3547 Nam
653 3508 780 3547 cum
829 3488 1065 3548 dicimus
1108 3480 1144 3551 ὃ
1186 3487 1441 3575 προτοῦ
1481 3482 1793 3568 πόλεμος,
1835 3508 1955 3546 non
1996 3490 2327 3547 necessario

282 3573 656 3647 supponitur,
709 3592 866 3631 nunc
919 3593 1148 3648 quoque
1201 3573 1417 3631 bellum
1470 3592 1633 3648 esse,
1684 3573 1766 3630 ita
1804 3578 1867 3629 ut
1906 3570 2093 3629 dicere
2132 3573 2323 3645 possi-

277 3675 443 3730 mus,
485 3646 522 3717 ὃ
567 3649 700 3737 πρὸ
743 3656 860 3719 τοῦ
903 3647 1054 3717 aea-9?
1100 3647 1278 3740 ἡμᾶς
1315 3651 1615 3735 πολέμου
1655 3648 1970 3731 πόλεμος.
2067 3652 2143 3712 Et
2182 3653 2323 3713 hinc

278 3738 626 3801 adverbialis
670 3737 842 3798 huius
881 3740 1190 3815 particulae
1230 3741 1322 3798 vis
1364 3739 1701 3812 ostenditur,
1743 3757 1871 3795 cum
1912 3734 2320 3812 appellativum

274 3843 492 3887 nomen
545 3842 668 3883 non
713 3824 895 3898 possit
929 3825 1150 3898 repeti,
1198 3820 1351 3896 quod
1389 3824 1727 3894 relationem
1767 3822 2058 3895 suscipiat.
2142 3821 2319 3904 Quod

277 3907 509 3983 quidem
561 3907 967 3982 appellativum
1018 3926 1262 3977 nomen,
1313 3908 1476 3968 iuxta
1528 3906 1694 3965 verbi
1730 3906 1830 3964 vel
1870 3906 2101 3965 alterius
2140 3908 2317 3982 parti-

277 3993 470 4065 culae,
513 4012 548 4050 a
585 4011 702 4067 qua
739 3993 986 4067 regitur,
1036 4001 1329 4065 naturam,
1369 3992 1430 4048 in
1471 3991 1738 4049 omnibus
1780 3990 2003 4050 casibus
2042 3993 2343 4064 variatur„

269 4095 568 4151 nunquam
615 4083 829 4134 mutato
881 4072 1165 4159 προτοῦ,
1223 4082 1280 4133 et
1331 4068 1465 4159 πρὸ
1508 4067 1768 4138 τούτου.
1850 4072 2115 4134 Dicimus
2158 4075 2311 4133 enim

275 4155 346 4222 ἐν
393 4159 488 4243 τῷ
547 4161 804 4245 προτοῦ
850 4154 1096 4245 χρόνῳ,
1149 4160 1247 4219 vel
1299 4153 1366 4223 ἐν
1418 4158 1512 4244 τῷ·
1567 4151 1715 4245 πρὸ·
1741 4149 2008 4234 τούτου,
2048 4166 2105 4216 et
2146 4150 2309 4219 κατὰ
