3075 4725
784 433 904 481 xx
1560 406 2079 485 Praefatio·

784 615 916 659 nus.
959 590 1299 659 hominum
1348 591 1715 682 pervenire,
1768 587 2299 679 quemadmodum
2350 592 2509 659 haec
2529 592 2683 663 ‚iam
2722 591 2839 677 dis-

790 707 1032 800 putatio
1073 709 1154 775 'de
1192 709 1520 798 particulis
1562 692 1807 800 prodit,
1858 709 2246 777 auctoritatis
2285 725 2429 776 tuae
2468 712 2629 777 fulta
2668 734 2843 798 prae·-

795 826 996 895 sidio:
1060 840 1245 913 atque
1307 829 1397 895 ita
1448 828 1662 920 prodit
1678 874 1703 911 ,
1756 842 1830 894 ut
1884 852 2031 895 cum
2084 828 2291 895 eidem
2340 830 2565 895 Fulvio
2632 828 2847 897 Ursino

793 943 1010 1030 tuique
1048 944 1549 1030 studiosissimo,
1592 952 1731 1012 tum
1770 947 2008 1013 Sirleto
2054 943 2221 1034 ipsi,
2259 943 2588 1025 Cardinali
2601 989 2624 1027 ,
2664 943 2847 1012 vehe-

794 1076 1066 1129 menter.-
1097 1065 1360 1153 probata
1411 1063 1527 1148 sit,
1585 1064 1955 1159 eademqne·
1986 1085 2025 1127 a
2079 1066 2181 1129 M.
2234 1062 2519 1145 ¹Antonio
2574 1051 2848 1142 Murem,

795 1180 988 1267 paulo
1043 1195 1189 1247 ante
1246 1205 1438 1268 quam
1479 1205 1516 1247 e
1550 1180 1711 1251 'vita
1732 1179 2077 1246 discederet
2090 1224 2113 1262 ,
2167 1194 2457 1245 accurate
2495 1176 2842 1263 recognita:

795 1296 876 1364 de
927 1296 1107 1365 cuius
1163 1297 1290 1368 viri
1341 1272 1662 1381 doctrina,
1725 1296 2116 1382 eloquentia,
2178 1292 2443 1382 graecae
2502 1296 2848 1380 latinaeque

741 1455 744 1458 ·
794 1414 1060 1501 linguae
1111 1415 1374 1483 scientia
1425 1416 1579 1503 quid
1634 1414 1850 1481 attinet
1898 1413 2151 1481 dicere?
2206 1437 2353 1501 cum
2404 1413 2573 1497 inter
2613 1436 2844 1495 umnec,

797 1506 912 1617 qni
949 1548 1118 1599 recte
1161 1534 1438 1600 sentiunt
1452 1580 1474 1615 ,
1525 1548 1600 1599 ut
1633 1547 1789 1621 puto
1802 1578 1825 1615 ,
1868 1531 2209 1600 conveniat
2222 1578 2243 1614 ,
2290 1555 2437 1599 eum
2484 1529 2849 1616 eruditione,

791 1624 1055 1715 'dicendi
1099 1651 1433 1734 facultate,
1489 1640 1984 1737 graecarumqne
2036 1649 2369 1715 literarum
2408 1650 2597 1715 laude
2640 1661 2852 1747 nostra

797 1766 998 1833 aetate
1056 1791 1240 1857 pares
1297 1770 1564 1835 fortasse
1577 1813 1600 1852 ,
1663 1783 1736 1834 ut
1802 1768 2031 1835 leviter
2092 1765 2335 1849 dicam,
2411 1765 2848 1855 paucissimoS,

793 1884 1188 1974 superiorem
1251 1901 1418 1953 certe
1479 1885 1781 1952 habuisse
1840 1883 2187 1951 neminem.
2293 1882 2434 1948 Iam
2489 1906 2643 1950 vero
2693 1878 2879 1965 sicut,

684 2020 692 2027 ’
789 2002 921 2069 mei
961 2002 1265 2071 avunculi
1301 1984 1639 2071 consilium
1680 2001 1845 2069 illud
1886 2014 2056 2084 erat,
2097 2016 2169 2068 ut
2203 1999 2565 2068 Concilium
2586 2014 2849 2067 'summo

761 2120 1091 2213 ⁴Pontifici
1146 2120 1575 2205 dedicaretur,
1640 2121 1809 2205 quod
1833 2135 1836 2137 ’
1862 2118 1991 2208 ipsi
2046 2132 2207 2185 esset
2242 2119 2408 2183 illud
2450 2118 2783 2205 negotium*
2806 2141 2845 2183 a

743 2328 746 2333 Ι
788 2257 1042 2304 summo
1082 2236 1391 2305 Pontifice
1432 2240 1683 2320 datum,
1734 2236 1823 2302 ita
1863 2237 1988 2302 hoc
2032 2237 2411 2322 opusculum
2451 2235 2529 2301 de
2569 2236 2849 2326 particu-

759 2440 762 2443 .
783 2353 892 2436 lis,
927 2353 1158 2446 quippe
1173 2335 1176 2338 Ι
1189 2355 1522 2445 proprium
1541 2356 1745 2422 fetum
1764 2379 1839 2420 ac
1859 2377 2071 2436 suum,
2088 2352 2197 2418 =tui
2216 2352 2548 2440 splendore
2566 2352 2846 2422 nominis

781 2471 1091 2540 illustrari
1148 2475 1470 2563 cupiebat3
1522 2497 1751 2562 nempe
1806 2470 1985 2538 cuius
2042 2472 2303 2554 domus,
2366 2485 2436 2538 ut
2490 2487 2635 2539 ante
2679 2471 2844 2555 dixi,

778 2612 1038 2679 semper.
1070 2591 1270 2659 doctis
1311 2591 1474 2660 viris
1513 2615 1589 2658 ac
1622 2589 2005 2678 sapientibus
2046 2588 2285 2678 patuit,
2340 2612 2611 2674 quorum
2651 2567 2847 2659 voces

658 2781 667 2792 ,
778 2699 842 2774 te
894 2706 1027 2776 iam
1075 2709 1226 2778 inde
1281 2734 1320 2776 a
1365 2709 1635 2800 pueritia
1678 2732 1877 2795 usque
1920 2709 2076 2775 adeo
2118 2709 2543 2786 delectarunt,
2585 2719 2657 2772 ut
2695 2727 2845 2774 cum

773 2823 1050 2893 illorum.
1073 2826 1500 2911 sermonibus,
1544 2842 1729 2913 atque
1766 2825 2011 2912 ingenii
2051 2824 2147 2892 tui
2186 2803 2565 2913 praestantia
2606 2825 2842 2892 animi-

775 2957 898 3028 que
937 2943 1170 3011 virtute
1208 2965 1472 3030 magnas
1513 2943 1635 3009 tibi
1674 2967 1821 3032 opes
1860 2942 2184 3032 paraveris
2221 2941 2589 3030 prudentiae
2602 2988 2625 3025 ,
2684 2965 2841 3032 con-

771 3058 940 3142 silii,
977 3059 1365 3146 gravitatis3
1421 3076 1482 3127 te
1536 3085 1708 3127 nnnc
1760 3060 1833 3126 in
1872 3083 2053 3126 sacro
2095 3057 2363 3126 Pati-um
2404 3059 2843 3146 amplissimo·
2930 3105 2937 3110 -

768 3200 917 3242 rum
965 3175 1256 3265 Collegio
1295 3179 1653 3268 principem
1696 3181 1914 3246 locum
1954 3193 2208 3259 tenere,
2250 3191 2431 3262 teque
2472 3201 2673 3242 unum
2699 3177 2843 3244 nni

766 3291 958 3361 Pont.
1013 3294 1194 3388 Max.
1255 3299 1608 3364 secundnm
1661 3320 1794 3363 esse
1846 3295 1987 3360 iure
2036 3296 2381 3360 laetemur:
2430 3307 2493 3360 te
2534 3295 2839 3384 den-ique,

767 3409 824 3478 si
862 3411 1145 3478 hnmana
1185 3438 1292 3482 res
1331 3429 1502 3481 tanta
1546 3415 1873 3504 pendenda
1914 3409 2148 3478 iudicio
2186 3409 2313 3496 sit„
2332 3410 2451 3478 illo
2488 3411 2629 3502 ipso
2659 3415 2840 3482 loco.

677 3583 696 3598 x
766 3553 894 3616 qno
937 3533 1154 3598 nullus
1201 3547 1295 3598 est
1336 3531 1406 3598 in
1445 3532 1634 3599 terris
1675 3528 1940 3612 celsior,
1984 3535 2119 3596 esse
2165 3528 2619 3617 dignissimum·
2654 3529 2841 3596 arbi-

764 3665 1032 3714 tremur.
1098 3647 1306 3736 'Ergo
1363 3651 1516 3718 dum
1569 3665 1681 3717 tuo
1726 3645 2114 3738 patrocinio,
2161 3644 2523 3715 Cardinalis
2566 3644 2843 3733 amplis-

698 3791 702 3798 ·
766 3767 925 3832 sime
985 3779 1172 3853 atque
1240 3767 1512 3854 optime,
1575 3781 1782 3833 tutum
1844 3787 1979 3832 esse
2031 3763 2324 3831 libellum
2376 3765 2586 3847 hunc,
2643 3777 2844 3850 atque

767 3861 1062 3960 ornatum
1081 3884 1585 3966 ;.volo,·.simul,
1644 3881 1871 3977 credo,
1912 3881 2217 3948 Auctoris
2263 3880 2529 3947 videbor
2568 3864 2847 3969 obsequi

769 4002 1118 4094 voluntati,
1183 4017 1244 4066 et
1305 4000 1466 4068 mihi
1531 3999 1667 4090 ipse
1722 4023 1969 4086 quoque
2022 3999 2235 4083 aliqua
2289 4019 2375 4062 ex
2428 3992 2603 4086 parte
2643 3999 2847 4067 satis-

771 4119 1016 4202 facere,
1075 4117 1187 4206 qui
1214 4195 1220 4204 ι
1243 4140 1375 4183 non
1427 4118 1667 4184 minus·
1694 4119 1998 4208 profiteor
2022 4138 2163 4204 me,
2182 4112 2646 4204 Amplitudinis
2686 4132 2851 4198 tuae

773 4236 1128 4304 studiosum
1184 4257 1320 4302 esse
1375 4237 1683 4304 cultorem
1703 4281 1728 4321 ,
1788 4257 1981 4324 quam
2032 4233 2145 4301 vel
2200 4236 2556 4303 avunculus
2610 4233 2843 4320 fuerit,

3018 676 3027 1053 J
