3075 4725
751 335 846 402 26
1107 391 1116 397 ,
1353 399 1361 408 .
1600 314 1603 319 ¹
1737 319 1858 395 c’iv.

749 503 924 571 dere.
1007 498 1098 561 At
1137 498 1240 559 ille
1284 498 1457 559 talem
1499 518 1567 557 se
1612 498 1968 561 ostendebat.
2072 498 2171 562 Ex
2212 503 2377 587 cuius
2418 506 2838 581 consequentis

749 589 1072 665 positione,
1113 583 1344 645 videtur
1381 584 1524 659 poni
1567 584 1917 644 antecedens
1948 582 2201 659 aliquod.

1461 936 1510 1006 C
1551 935 1620 998 A
1662 936 1712 998 Ρ
1755 938 1814 1001 U
1858 938 1911 999 T
1995 936 2106 1004 ΠΙ.

743 1076 866 1143 De
939 1068 1033 1142 ἂν
1104 1068 1702 1165 Ρειτιίο·ιι1ἐι,·ει
1766 1064 1949 1138 ἄνθ’
2020 1058 2152 1150 ὧν,
2214 1084 2287 1139 et
2348 1030 2535 1140 ἄνθ’
2606 1068 2827 1142 ὅτου.

891 1234 1044 1307 ’Λν
1115 1244 1431 1318 particulae
1500 1244 1623 1303 vim
1704 1237 2057 1342 δυνητικὴν
2120 1251 2179 1303 et
2224 1233 2825 1343 ἅοριστολογικὴν,

739 1332 782 1389 i.
826 1350 880 1389 e.
916 1328 1330 1411 potentwlem
1372 1335 1430 1387 et
1471 1323 1848 1409 indefinitae
1888 1326 2188 1391 orationis
2235 1326 2635 1411 effecirIcem,
2677 1338 2823 1387 tam-

639 1466 652 1483 ,
739 1416 852 1475 etsi
908 1431 1112 1472 omnes
1165 1412 1292 1471 fere
1347 1413 1704 1488 grammatici
1761 1420 2112 1488 agnoscunt,
2156 1420 2349 1471 tamen
2399 1434 2598 1473 earum
2638 1412 2819 1471 facul-

663 1518 672 1531 ·
740 1506 918 1559 tatum
969 1497 1129 1556 velut
1179 1497 1582 1571 immemores,
1640 1496 1980 1571 particulam
2034 1495 2188 1555 hanc
2240 1498 2305 1555 in
2358 1515 2462 1573 eo,
2507 1498 2663 1573 quod
2704 1497 2819 1572 ipsi

739 1582 1122 1655 constituunt,
1186 1581 1613 1654 expletivarum
1676 1588 1735 1638 et
1794 1599 2355 1655 supervacanearum
2410 1582 2817 1656 particularum

739 1686 958 1743 genere
1002 1665 1313 1722 collocant.
1373 1665 1520 1723 sicut
1562 1672 1622 1722 et
1658 1664 1984 1739 complures
2027 1666 2205 1741 alias,
2249 1685 2395 1740 quas
2434 1674 2673 1747 propter
2710 1685 2813 1739 pe-

738 1752 1014 1809 culiarem
1053 1747 1346 1823 quandam
1388 1746 1903 1824 significationem,
1957 1749 2023 1806 in
2062 1750 2226 1807 nullo
2269 1769 2471 1809 eorum
2512 1769 2812 1826 generum,
2884 1750 2889 1759 '

733 1836 800 1894 in
841 1852 992 1910 quae
1033 1832 1121 1889 illi
1164 1833 1601 1891 coniunctiones
1646 1831 2026 1907 distribuunt,
2070 1832 2353 1892 collocare
2391 1841 2661 1909 possunt.
2740 1830 2812 1891 In

735 1938 852 1995 qua
893 1938 958 1977 re
1002 1915 1142 1992 quid
1183 1916 1488 1975 absurdius
1531 1915 1790 1974 accidere
1828 1925 2075 1992 potest,⁴
2098 1938 2272 1992 quam
2304 1925 2399 1993 ut,
2444 1918 2651 1993 quibus
2690 1918 2809 1975 vim

733 2004 990 2079 aliquam
1042 2008 1100 2059 et
1158 2000 1645 2077 significationem
1696 2001 1986 2076 tribuunt,
2042 2021 2144 2060 eas
2195 2022 2318 2059 non
2373 2021 2408 2060 a
2462 1998 2695 2076 potiori
2722 2001 2810 2060 fa-

733 2088 977 2160 cultate,
1020 2084 1128 2144 sed
1169 2105 1205 2142 a
1247 2084 1521 2143 deteriori
1571 2084 1976 2143 denominent:
2022 2087 2286 2160 quamvis
2320 2086 2611 2144 interdum
2642 2106 2811 2159 prae-

733 2178 826 2231 ter
899 2170 992 2229 sui
1063 2169 1298 2243 generis
1369 2168 1701 2226 facultatem
1774 2176 1839 2225 ut
1912 2188 2380 2243 supervacaneae
2440 2171 2810 2245 accipiantur.

733 2252 947 2329 Neque
989 2254 1148 2327 enim
1181 2251 1296 2310 tale
1337 2252 1809 2311 coniunctionum
1848 2272 2035 2327 genus
2076 2254 2547 2335 constituendum
2580 2263 2706 2329 est,
2746 2255 2811 2313 in
2884 2275 2892 2285 ‘

735 2359 854 2414 quo
895 2357 1019 2397 non
1060 2337 1178 2396 nisi
1219 2354 1686 2411 supervacaneae
1732 2336 2047 2412 particulae
2090 2338 2470 2414 collocentur,
2526 2358 2675 2416 quae
2718 2340 2809 2398 in-

732 2421 1018 2484 ferciendi
1085 2427 1308 2478 tantum
1363 2421 1697 2479 orationem
1712 2461 1733 2494 ,
1787 2427 1853 2479 et
1901 2422 2069 2496 quasi
2121 2424 2299 2484 rimas
2354 2425 2481 2484 eius
2533 2424 2811 2500 explendi

735 2504 988 2567 officium
1029 2511 1343 2579 praestent.
1435 2501 1593 2564 Nam
1635 2513 1781 2579 quas
1818 2505 1909 2563 illi
1948 2501 2666 2605 παραπληρωματικὰς
2706 2529 2810 2566 vo-

735 2597 898 2665 cant,
952 2609 1131 2666 quum
1177 2608 1285 2663 pro
1341 2587 1573 2648 diversa
1622 2608 1823 2646 earum
1877 2589 2332 2666 significatione,
2376 2592 2516 2650 alia
2540 2592 2616 2652 ad
2652 2592 2811 2650 aliud

735 2675 1206 2736 coniunctionum
1254 2692 1444 2749 genus
1493 2673 1809 2748 pertineat,
1836 2675 2304 2749 propriamque
2326 2675 2810 2752 significationem

734 2762 829 2822 sui
878 2758 1114 2835 generis
1166 2777 1554 2832 unaquaeque
1608 2755 1878 2858 habeat,
1907 2757 2065 2857 quo-d
2114 2759 2205 2816 illi
2256 2759 2431 2818 etiam
2440 2759 2809 2858 impruden-

693 2859 716 2870 *
733 2854 825 2906 ter
883 2843 1167 2916 fatentur,
1229 2841 1364 2900 dum
1424 2841 1763 2916 particulam
1834 2831 1916 2902 ἂν
1966 2843 2223 2924 eiusque
2285 2835 2661 2922 συνώνυμον
2716 2839 2809 2916 κέ,

736 2927 876 2988 vel'
891 2922 1030 2997 κέν,
1083 2931 1142 2983 et
1194 2925 1340 2983 alias
1397 2923 1681 2998 quasdam
1694 2965 1715 2998 ,
1758 2944 1903 2998 quas
1942 2925 2099 2985 inter
2136 2926 2461 3000 expletivas
2502 2928 2813 3004 collocant,
2896 2926 2908 2932 ’

733 3013 804 3072 in
865 3010 998 3070 aliis
1059 3007 1233 3078 etiam
1292 3009 1607 3083 generibus
1668 3014 1995 3068 recensent.
2114 3008 2555 3088 Nonnunquam
2615 3021 2809 3072 tamen

733 3093 892 3169 apud
945 3097 1243 3166 auctores,
1308 3100 1368 3149 et
1425 3093 1769 3166 praesertim
1830 3095 2035 3166 poetas
2051 3136 2070 3169 ,
2134 3101 2405 3172 ornatus,
2456 3097 2585 3155 sive
2638 3099 2808 3156 metri
2896 3149 2902 3154 ,

731 3179 917 3254 grafia
931 3217 952 3251 ‚
1011 3195 1151 3236 sua·
1182 3175 1432 3234 nudatae
1486 3175 1914 3251 significatione
1969 3180 2347 3253 accipiuntur.
2438 3177 2567 3240 Nec
2617 3181 2810 3240 solum

729 3265 808 3326 ab
857 3283 978 3320 nno
1027 3279 1249 3338 genere
1303 3261 1773 3320 coniunctionum
1824 3262 1889 3319 in
1944 3261 2103 3321 aliud
2141 3263 2459 3324 nonnullas
2496 3265 2809 3364 particulas
2906 3289 2913 3292 ·

729 3347 1122 3419 transferunt,
1177 3343 1286 3404 sed
1340 3365 1422 3403 ex
1479 3345 1772 3404 adverbiis
1825 3347 1999 3404 etiam
2048 3366 2257 3422 voces,
2312 3347 2459 3410 alias
2512 3350 2809 3424 propriam

729 3439 790 3490 et
836 3431 1191 3506 peculiarem
1241 3427 1524 3487 habentes
1580 3429 2096 3506 significationem,
2147 3433 2302 3490 inter
2342 3428 2808 3516 παράπληρω-

628 3555 634 3562 »
725 3508 1018 3594 ματικὰς
1076 3513 1519 3612 coniunctiones
1585 3510 1921 3589 traducunt,
1969 3522 2033 3572 ut
2087 3501 2205 3588 αὖ,
2266 3515 2640 3576 adverbium
2662 3525 2805 3576 tem-

726 3599 920 3672 poris,
974 3605 1033 3656 et
1082 3589 1256 3669 ποὺ,
1307 3597 1528 3671 locale,
1584 3616 1691 3656 seu
1743 3599 2159 3673 coniecturale,
2216 3606 2275 3658 et
2318 3597 2519 3682 δῆτα,
2568 3620 2805 3660 asseve-

622 3702 627 3712 ·
725 3681 930 3755 randi,
983 3686 1042 3738 et
1095 3678 1243 3738 alias
1283 3681 1623 3741 nonnullas.
1704 3678 1785 3739 Et
1824 3683 1941 3758 sic,
1982 3682 2047 3742 id
2086 3683 2243 3758 qnod
2285 3684 2523 3744 vocibus
2565 3685 2805 3759 quibus-

461 3883 512 3929 p„
550 3858 636 3937 46,

723 3763 861 3822 dam
909 3720 1280 3822 ’diversarum
1333 3764 1585 3836 partium
1634 3767 1909 3824 orationis
1963 3767 2197 3841 accidit,
2250 3775 2314 3826 ut
2365 3767 2637 3830 videlicet
2676 3777 2803 3828 tan-

723 3867 904 3922 quam
943 3845 1276 3923 expletivae
1319 3852 1379 3902 et
1427 3866 1895 3921 supervacaneae
1904 3848 2251 3925 aliquando
2295 3853 2679 3930 accipiantur,
2718 3851 2805 3928 id,

722 3951 794 3990 ac
849 3933 904 3992 si
957 3950 1140 4000 unum
1182 3927 1471 4004 quoddam
1512 3946 1701 4006 genus
1744 3941 1933 4011 esset,
1976 3935 2067 3992 in
2082 3937 2255 3996 unius
2301 3937 2551 4011 partium
2591 3938 2804 3996 oratio-

716 4016 818 4077 nis
861 4014 1097 4074 modum
1135 4012 1428 4114 redigunt.

889 4096 1078 4158 Porro
1133 4118 1214 4158 αν
1256 4097 1534 4172 particula
1578 4093 1853 4161 omnibus
1894 4095 2094 4162 modis
2134 4095 2485 4166 verbalibus
2524 4105 2805 4182 iungitur,

718 4177 1335 4266 :astupeo-atino
1353 4188 1619 4258 excepto·
1732 4181 2037 4268 Optah'vo
2096 4203 2347 4276 namque
2412 4197 2469 4248 et
2524 4185 2806 4254 Subiun-
