3075 4725
993 409 1158 502 ῗέγε,
1217 413 1660 507 φέρε,’ἰ’θι.
2233 413 2365 485 22³

295 589 689 649 'efficacitatem
721 589 994 647 tribuant.
1097 585 1306 664 Neque
1349 597 1541 647 tannen
1584 590 1862 664 cuiusque
1898 589 2065 648 verbi
2107 589 2358 663 impera-

293 679 446 734 tivae
475 693 674 746 ·voces
731 681 1034 733 transeunt
1086 675 1152 730 in
1209 673 1512 748 adverbia,
1574 674 1683 733 sed
1723 675 2035 748 propositis
2078 673 2359 731 duntaxat

275 761 530 832 ,vocibus
577 757 770 816 datum
812 769 900 816 est
911 800 934 832 ,,
976 771 1040 814 nt
1081 758 1211 816 aliis
1245 759 1440 817 verbis
1475 757 1847 832 adhaereant,
1882 767 1941 816 et
1973 777 2081 833 per
2114 777 2181 818 se
2216 777 2359 817 con-

290 845 664 904 structionem
699 864 820 901 non
853 847 1084 918 regant.
1159 839 1312 900 Nam
1351 841 1465 900 hae
1509 863 1770 919 quoque,
1812 863 1939 902 cum
1980 841 2159 900 verba
2200 851 2357 914 sunt,

289 929 774 988 constructionem
808 935 1039 1002 regunt,
1073 933 1139 984 'et
1179 927 1420 984 verbum
1461 926 1617 984 aliud
1658 948 1780 985 non
1820 925 2155 1000 admittunt}
2201 934 2262 983 ut
2302 924 2358 984 si
2412 973 2433 985 ι

289 1011 579 1070 dicamus:
632 1002 748 1092 ἆγε
787 1005 919 1073 ,τὸν
969 1005 1185 1072 ἵππον
1233 1003 1504 1084 οἴκαδε,
1557 1005 1723 1094 φέρε
1764 1006 1839 1072 τὸ
1883 1010 2357 1096 γραμματεῖον,

288 1087 400 1158 ἴθι
452 1089 700 1172 ταχέως
755 1087 1042 1177 δραμών.
1129 1091 1295 1152 Τιιιιο
1343 1096 1498 1152 enim
1554 1096 1684 1168 ipsa
1724 1095 2069 1168 principalia
2108 1102 2243 1153 sunt
2288 1095 2356 1152 in

291 1181 744 1254 constructione,
806 1198 920 1236 nee
958 1176 1114 1244 aliud
1151 1179 1390 1236 verbum
1435 1178 1765 1236 admittunt:
1812 1181 2025 1254 quippe
2068 1198 2196 1236 cum
2236 1197 2357 1236 una

289 1265 470 1321 oratio
533 1282 568 1320 a
621 1263 844 1326 duobus
898 1262 994 1319 vel
1050 1261 1311 1334 pluribus
1375 1263 1609 1338 verbis,
1648 1272 1933 1337 quatenus
1976 1263 2154 1322 verba
2196 1270 2355 1334 sunt,

287 1367 412 1404 non
470 1356 738 1422 regatur,
809 1347 926 1404 nisi
979 1345 1146 1421 plura
1203 1347 1306 1404 illa
1357 1347 1536 1406 verba
1595 1357 1691 1404 aut
1741 1368 1849 1422 per
1908 1347 2201 1421 copulam,
2258 1353 2358 1404 ant

291 1425 460 1493 κατὰ
507 1427 582 1492 τὸ
631 1420 983 1506 ἇσύνόετον
1023 1431 1086 1486 in
1129 1451 1308 1488 unum
1349 1430 1703 1506 redigantur.
1790 1429 1937 1489 Cum
1973 1433 2168 1505 itaque
2212 1431 2354 1488 alio-

289 1535 419 1573 rum
470 1515 780 1596 verborum
820 1513 1115 1588 quodlibet
1155 1517 1217 1572 in
1261 1516 1353 1574 sui
1392 1513 1727 1589 Imperativi
1770 1514 1927 1573 modi
1969 1515 2207 1573 vocibus
2248 1533 2358 1588 per

284 1615 354 1658 se
397 1599 590 1672 ipsum
633 1599 1112 1658 constructionem
1153 1610 1348 1673 regat,
1402 1620 1524 1658 nou
1567 1607 1757 1674 potest
1804 1599 1960 1657 aliud
2001 1599 2243 1658 verbum
2289 1600 2356 1655 in

288 1684 730 1742 constructionis
785 1684 1118 1741 societatem
1172 1683 1488 1742 admittere.
1573 1681 1895 1758 Propositis
1946 1703 2087 1742 vero
2132 1681 2357 1756 accidit,

287 1775 352 1824 ut
408 1767 631 1826 verbali
690 1767 1115 1841 significatione
1185 1768 1478 1842 deposita,
1561 1769 1804 1826 alionum
1865 1769 2171 1826 verborum
2234 1769 2357 1826 vim

289 1849 584 1908 adiuvent.
646 1848 800 1910 Nam
843 1853 896 1910 si
935 1851 1000 1908 in
1023 1852 1146 1920 ‚illo
1179 1849 1447 1926 Homeri,
1490 1841 1628 1914 ἀλλ’
1678 1842 1798 1932 ἷίγε
1836 1871 1957 1929 μοι
1995 1843 2149 1913 τόδε
2183 1841 2355 1921 εἶπέ,

283 1953 490 1992 vocem
545 1921 661 2014 ἷὶγε
715 1931 1052 2008 subtrahas,
1106 1955 1310 2008 puram
1359 1934 1683 2010 imperandi
1722 1935 2001 2009 formam,
2054 1951 2175 1994 non
2214 1933 2354 1992 item

283 2015 556 2078 hortandi
606 2017 842 2076 habebit
903 2021 1118 2092 oratio,
1181 2016 1447 2076 hortandi
1489 2021 1763 2094 qualitate
1806 2019 2074 2078 detracta.
2159 2017 2356 2096 Quam

285 2101 520 2176 quidem
561 2103 893 2178 qualitatem
933 2100 1203 2160 hortandi
1245 2103 1513 2161 adverbia
1529 2145 1549 2178 ,
1604 2103 1930 2178 imperandi
1968 2103 2207 2162 vocibus
2253 2103 2355 2160 tri-

285 2185 494 2246 buunt.
581 2185 781 2264 Quare
835 2207 956 2244 non
1015 2189 1232 2245 otiosae
1275 2197 1412 2246 sunt
1452 2189 1516 2246 in
1561 2189 1983 2246 constructione
2025 2186 2355 2246 huiusmodi

282 2266 554 2328 hortandi
603 2289 710 2329 seu
759 2270 1053 2328 excitandi
1092 2281 1286 2329 notae.
1392 2271 1563 2350 Quae
1608 2293 1687 2331 ex
1730 2291 1801 2330 eo
1847 2273 2019 2330 etiam
2058 2272 2355 2330 verbalem

289 2355 574 2429 originem
617 2353 1046 2431 demonstrant,
1080 2355 1237 2431 quod
1269 2377 1641 2418 numerorum
1672 2355 2082 2416 indicationem
2118 2355 2354 2419 habent.

280 2434 438 2496 Nam
493 2441 719 2498 tametsi
777 2428 894 2521 ἷὶγε
947 2442 1013 2497 in
1053 2460 1160 2499 sua
1204 2441 1601 2517 singularitate
1644 2462 1765 2500 non
1808 2443 1996 2501 solum
2039 2440 2115 2500 ad
2151 2442 2355 2518 singu-

283 2521 463 2599 laria,
504 2544 709 2583 verum
747 2526 922 2583 etiam
962 2524 1038 2583 ad
1075 2524 1323 2599 pluralia
1362 2527 1541 2585 verba
1582 2527 1881 2604 refertur,.
1920 2534 1985 2585 ut

609 2649 716 2723 ἄγε
751 2652 850 2723 δὴ,
887 2652 956 2709 σὺ
990 2658 1217 2729 πρῶτον
1251 2653 1454 2709 σαυτὸν
1489 2652 1635 2717 ὅστις
1666 2648 1743 2726 εἴ,
1782 2652 2022 2730 φράσον,

281 2774 437 2851 apud
495 2771 806 2851 Aristoph.
869 2780 934 2835 in
995 2773 1166 2835 Pluto
1231 2782 1312 2847 [v.
1357 2779 1517 2849 563:
1584 2786 1643 2837 et
1706 2768 1844 2840 ἄλλ’
1914 2763 2033 2859 ι’ἱγε
2082 2770 2351 2858 μίμνετε

282 2851 556 2933 πάντες;
596 2858 764 2919 Iliad.
799 2862 867 2941 β.
917 2864 998 2933 [v.
1023 2865 1190 2931 3304
1234 2869 1294 2919 et
1329 2850 1448 2943 ἶίγε
1485 2852 1846 2937 ἀκούσατε,
1890 2863 2044 2937 apud
2063 2860 2349 2939 Xenoph.

283 2945 349 3001 in
391 2940 690 3020 Apologia
734 2949 820 3017 [§.
869 2948 1024 3019 14.];
1070 2954 1260 3003 tamen
1304 2946 1366 3003 in
1404 2947 1616 3021 plurali
1658 2948 1829 3005 etiam
1866 2966 2113 3006 numero
2153 2949 2351 3022 plura·-

278 3027 433 3086 libus
485 3031 681 3088 verbis
720 3030 1079 3105 adiungitur,
1124 3029 1278 3105 quod
1320 3032 1555 3105 saepius
1596 3030 1803 3091 accidit
1845 3026 1914 3094 ἕν
1956 3032 2099 3107 τοῖς
2141 3026 2349 3096 ἇνθυ-

279 3102 675 3187 ποτάκτοις,
753 3123 818 3171 ut
880 3134 1068 3193 αγετε
1129 3107 1575 3191 πειθώμεθα,
1661 3116 1814 3190 apud
1872 3114 2225 3192 Homerum,
2288 3126 2348 3175 et

280 3183 498 3275 ι’]ἔγιετεμ
545 3190 662 3258 ἐπὶ
719 3192 842 3275 μὲν
895 3198 1038 3270 τοῖς
1098 3189 1484 3277 ὑποζυγίοις
1549 3193 1705 3272 τοὺς
1767 3192 2347 3280 ἐπιτηδειοτάτους

283 3270 806 3357 καταλείπωμεν.
869 3278 1094 3339 Mutata
1137 3282 1310 3339 etiam
1351 3278 1711 3363 imperandi
1744 3283 1930 3341 forma
1972 3284 2035 3339 in
2076 3280 2345 3345 interro-

275 3373 538 3439 gantem
590 3383 711 3421 vox
768 3352 908 3443 ι’ίγε-
935 3363 1013 3422 ad
1063 3364 1242 3424 verba
1292 3364 1538 3439 pluralia
1577 3366 1859 3442 refertur,
1905 3375 1969 3423 ut
2010 3367 2162 3441 apud
2202 3363 2343 3426 Plu-

281 3441 540 3513 tarchum
593 3444 896 3520 [Poplicol.
952 3468 1008 3506 c.
1047 3452 1104 3507 6.
1158 3470 1218 3523 p.
1261 3452 1364 3507 99.
1415 3448 1494 3511 Ε.
1554 3450 1646 3509 ed.
1686 3448 1741 3508 F
1742 3450 2021 3521 rancofi]=
2080 3439 2228 3532 ἆγε,
2276 3444 2345 3514 τί

281 3518 406 3589 οὐκ
447 3518 843 3611 ἄπολογεῖτε
882 3526 1072 3616 πρὸς,
1097 3526 1213 3615 τὴν
1255 3528 1679 3618 κατηγορίαν,
1723 3537 1873 3594 etin
1901 3531 2351 3616 praecipiendi

278 3609 498 3669 format
547 3598 664 3691 ἄγε
705 3608 898 3689 ὅπως
941 3607 1037 3690 εἷς
1075 3607 1278 3701 καλόν
1315 3637 1384 3679 τι
1426 3610 1901 3701 καταθήσεσθε
1934 3612 2051 3703 τὴν
2085 3614 2341 3703 σχολὴν,

279 3693 323 3751 i.
369 3714 425 3756 e.
466 3690 714 3772 videte,
765 3710 838 3759 ut
891 3697 1081 3761 otium
1133 3699 1202 3761 in
1243 3722 1316 3761 re
1357 3698 1653 3783 quapiam
1693 3700 1948 3764 honesta
1996 3700 2340 3764 collocetis.

276 3774 382 3835 Ex
442 3799 822 3853 personarum
885 3783 1056 3841 etiam
1105 3784 1452 3843 indicatione
1508 3786 1804 3845 verbalem
1858 3786 2341 3862 significationem

277 3859 610 3922 huiusmodi
657 3886 831 3927 voces
887 3888 1028 3942 prae
1075 3888 1142 3927 se
1181 3868 1409 3944 ferunt,
1451 3888 1585 3927 cum
1619 3890 1741 3928 non
1788 3872 1979 3934 solum
2020 3870 2094 3930 ad
2130 3890 2357 3939 secum.

219 3978 230 3998 t
276 3945 419 4021 dae,
493 3966 698 4007 verum
759 3952 931 4009 etiam
991 3952 1064 4009 ad
1124 3954 1350 4026 primae
1401 3974 1691 4027 personae
1728 3956 1935 4014 'verba
1997 3955 2336 4033 dirigantur⁴

273 4026 451 4088 Unde
496 4030 596 4107 fit,
662 4040 726 4091 nt
762 4054 872 4109 >per
918 4033 1314 4099 Subiunctim’
1347 4054 1525 4101 voces
1572 4036 1923 4101 cohortatio
1942 4036 2089 4121 flat
2098 4082 2125 4116 ,
2166 4042 2221 4099 si
2260 4038 2335 4097 ad

275 4115 521 4186 primam
574 4116 852 4193 dirigatur
901 4140 1228 4196 personam.
1327 4118 1482 4181 Nam
1537 4123 1767 4196 quando
1820 4125 1920 4184 vel
1960 4108 2223 4185 seorsum
2264 4140 2331 4179 se

276 4197 404 4269 ipse
466 4202 752 4277 quispiam
811 4201 1104 4281 hortatur,
1167 4211 1232 4263 ut
1291 4200 1457 4289 φέρε
1518 4197 1643 4267 ἴδω
1658 4250 1678 4281 ,
1746 4203 1913 4293 φέρε
1970 4202 2169 4278 εἴπω,
2231 4203 2335 4263 vel·

275 4280 447 4341 simul
463 4304 616 4353 ‘cum
661 4286 790 4349 aliis
831 4288 1089 4364 seipsum
1127 4288 1536 4366 immiscendo,
1578 4298 1644 4349 ut
1683 4292 1851 4375 φέρε
1891 4285 2103 4355 ἐκεῖνο
2144 4286 2333 4373 πρῶ-

2416 2778 2634 2869 naar&
