3075 4725
1243 340 1279 380 τ
1294 313 1337 381 ι’.
1574 387 1581 396 .
2197 316 2341 418 201·

269 493 576 561 usurpato,
629 493 687 546 et
735 502 858 544 non
899 483 1088 544 solnm
1127 487 1190 542 in
1233 486 1542 560 posteriori
1581 492 1743 563 parte
1786 489 2330 563 consequentiarum

267 570 603 646 adhibetur,
651 577 714 628 ut
735 568 907 644 -apud
947 566 1437 646 Aristophanem,
1496 571 1602 631 sed
1632 573 1819 630 etiam
1857 573 1923 630 in
1969 573 2329 647 simplicibus
2430 589 2437 596 ’

268 655 785 728 enuntiationibus,
856 673 984 727 cnm
1058 648 1184 737 γὰρ
1253 656 1510 730 iungitur
1580 652 1856 730 ironice,
1913 671 2035 731 ‘pro
2100 654 2303 738 σχολ”

267 738 556 803 Aeschin.
603 746 814 836 contra(
843 716 1132 796 Timarch.
1179 741 1260 839 [ᾗ.
1299 745 1443 796 181.
1484 737 1576 798 ed.
1617 737 1815 798 Bekk.
1859 762 1917 814 p.
1956 746 2059 798 26.
2108 740 2201 799 ed.
2242 678 2341 801 fi:

267 821 526 898 stepha
540 813 731 884 ταῦθ’
779 809 814 882 ὃ
861 816 1064 918 γε’-ρων
1105 813 1140 882 ὁ
1189 817 1263 884 ἐκ
1303 817 1551 897 παιδὸς
1593 818 2115 929 σεσωφρονηιιώς
2156 845 2339 926 παρ-

263 899 460 1006 ῄνεσε
511 907 654 979 τοῖς
710 895 944 966 ἑαυτοῦ
1000 899 1331 984 πολίταις·
1353 902 1545 1005 ταχὺ
1602 902 1729 992 γὰρ
1787 930 1866 970 αν
1913 903 1997 966 1
1970 928 2246 992 ιμαρχον
2286 898 2329 990 ἡ
2368 901 2501 988 ταχὺ
2538 899 2646 975 γὰρ

201 1047 206 1056 ,
268 985 380 1053 τὸν
442 984 734 1053 κίναιδον
798 977 1237 1070 Δημοσθένην
1298 982 1481 1054 εἴασε
1544 984 2046 1055 πολιτεύεσθαι.
2155 933 2333 1070 Quod
2463 968 2552 1028 ἄν·

269 1072 506 1135 ironice
545 1073 786 1147 dictum,
836 1073 993 1129 idem
1033 1072 1220 1147 valet,
1283 1073 1438 1148 quod
1466 1072 1683 1174 σχολῇ
1728 1095 1798 1156 γε
1848 1067 2181 1157 Τίμαρχον
2222 1084 2331 1134 etc.

275 1155 389 1216 Ubi
428 1168 621 1216 tamen
664 1158 832 1214 tacita
873 1158 1284 1231 consequentia
1316 1159 1608 1232 innuitur,
1660 1161 1827 1218 cuius
1864 1159 2209 1218 antecedens
2252 1180 2333 1218 ex

272 1242 666 1316 superioribus
706 1239 1020 1315 petendum
1061 1249 1182 1315 est,
1227 1249 1286 1298 et
1325 1262 1534 1302 sensus
1576 1240 1934 1301 huiusmodi·
1990 1241 2047 1304 si
2083 1255 2334 1340 senator

265 1321 378 1386 ille
417 1319 772 1422 Spartanus
809 1335 1042 1384 rectam
1088 1335 1148 1385 et
1182 1323 1514 1405 probatam
1554 1325 1872 1386 cuiusdam
1910 1325 2100 1406 pravi
2134 1316 2333 1388 homi-

265 1408 364 1470 nis
418 1407 781 1471 sententiam
834 1406 1111 1488 respuit,
1151 1409 1343 1470 mzdtn
1384 1407 1586 1470 minus
1626 1406 1707 1470 ab
1749 1407 2101 1472 huiusmodi
2136 1408 2335 1471 homi-

267 1493 485 1569 nibus,
543 1490 748 1589 qualis
802 1502 894 1552 est
955 1491 1324 1555 Timarchus
1369 1505 1432 1555 et
1473 1491 1915 1554 Demosthenes
1925 1536 1950 1569 ,
1990 1491 2332 1596 rempubli-

163 1609 174 1614 ·
269 1598 410 1639 cam
461 1573 894 1641 administrari
935 1597 1163 1656 passus
1217 1587 1388 1638 esset.
1472 1576 1648 1636 Unde
1705 1585 1890 1652 patet,
1945 1573 2070 1664 γὰρ
2126 1599 2208 1637 ex
2256 1598 2331 1658 γε

270 1671 328 1720 et
377 1651 508 1747 ἄρα
550 1668 847 1735 constare,
903 1669 967 1717 ιιι
1003 1659 1155 1734 apud
1195 1659 1502 1736 Aristoph.
1545 1664 1611 1720 in
1658 1659 2031 1723 Acharneus.
2079 1667 2160 1734 [v.
2198 1667 2353 1736 71.]

852 1768 1076 1846 σφόδρα
1119 1768 1246 1848 γ’άρ
1291 1771 1572 1847 ἐσωζόμην
1616 1771 1767 1845 ἐγώ,-

268 1886 332 1938 ιιι
371 1899 478 1939 suo
516 1879 646 1939 loco
687 1878 898 1938 dictum
934 1885 1040 1937 est.

1030 2121 1590 2150 m

886 2311 1336 2378 CAPUT
1417 2307 1730 2377 xxvm.
1908 2382 1913 2389 ,
2180 2379 2187 2387 ,
2328 2274 2615 2389 swn-

273 2438 403 2507 De
484 2444 850 2512 nomine
929 2444 1086 2527 τί,
1147 2446 1853 2534 interrogative
1910 2459 2335 2535 --accepto

358 2645 366 2653 ι
449 2594 562 2670 Τί,
623 2610 890 2661 neutrum
950 2624 1164 2663 nomen
1181 2644 1200 2678 ,
1263 2600 1719 2682 interrogative
1780 2610 2105 2678 acceptum,
2180 2601 2338 2676 quod
2482 2587 2552 2637 “0

275 2681 510 2756 quidem
537 2692 685 2741 tnnc
725 2694 961 2743 accentu
1003 2701 1165 2745 acuto
1209 2706 1440 2758 semper
1486 2696 1574 2745 est
1614 2687 1953 2761 praeditum,
1992 2704 2197 2757 neque
2224 2705 2343 2742 un-·
2424 2692 2427 2699 '

279 2786 454 2840 quam
510 2776 804 2826 accentum
855 2770 1070 2844 reiicit,
1125 2769 1516 2827 encliticamm
1558 2789 1750 2842 more,
1792 2791 1897 2843 pro
1941 2759 2129 2829 οὐδὲν
2168 2783 2337 2826 usur·
2422 2840 2427 2847 Ι

276 2852 406 2925 pari
466 2870 883 2927 nonnunquam
948 2851 1114 2912 docet
1171 2850 1483 2927 Budaeus,
1550 2852 1801 2911 afferens
1863 2851 2192 2926 exemplum
2256 2870 2337 2911 ex

276 2932 678 2995 Demosthene
714 2935 818 3007 [de
849 2958 1078 2999 corona
1113 2941 1171 3009 §-
1193 2940 1294 2994 48.
1331 2936 1424 2995 ed.
1457 2934 1655 2997 Bekk.
1687 2957 1746 3011 p.
1753 2939 1913 2995 241.
1950 2936 2041 2995 ed.
2064 2933 2333 3005 Reisk.]x

281 3006 395 3083 εἶτῖ
463 3014 907 3099 ἐλαυνομένων
969 3016 1082 3083 καὶ
1141 3012 1585 3103 ὑβριζομένων
1647 3016 1757 3084 καὶ
1814 3014 1883 3083 τί
1934 3014 2135 3082 κακὸν
2192 3009 2339 3097 οὗχὶ

281 3095 693 3177 πασχόντων,
752 3105 792 3161 i.
841 3124 894 3162 e.
944 3113 1007 3161 ut
1061 3107 1189 3179 ipse
1244 3107 1679 3178 interpretatur,
1720 3115 1783 3165 et
1820 3103 1986 3165 nihil
2022 3124 2145 3165 non
2185 3101 2342 3165 mali

273 3181 675 3285 patientibus.
757 3185 906 3246 Item
967 3208 1046 3246 ex
1068 3184 1350 3288 Gregor.
1405 3180 1910 3265 ὀνειδιζόμενος,
1957 3182 2067 3247 καὶ
2106 3179 2173 3247 τί
2212 3180 2338 3269 γὰρ

285 3259 366 3328 οὗ
415 3260 720 3351 πάσχων,
775 3267 843 3334 τί
890 3260 955 3333 δ’
1016 3261 1138 3333 οὐκ
1189 3262 1474 3341 ἀκούων,
1520 3273 1561 3328 ἰ.
1608 3292 1663 3329 e.
1704 3280 1767 3329 ιιι
1805 3272 1959 3329 idem
1999 3270 2339 3343 interpreta-

283 3362 410 3408 tur·
471 3350 632 3412 nihil
691 3374 816 3415 non
876 3353 1384 3417 contumeliarum
1429 3375 1779 3436 perpessus·
1880 3352 2050 3431 Quae
2106 3352 2340 3427 quidem

282 3430 511 3493 Budaei
564 3437 793 3512 opinio,
843 3440 1043 3498 nescio
1086 3460 1162 3499 an
1206 3438 1555 3498 admittenda
1592 3440 1685 3498 sit.
1767 3434 1921 3497 Nam
1961 3449 2025 3498 ιιι
2064 3436 2347 3496 conceda-

282 3537 443 3592 mus,
499 3519 806 3582 affirmatas
853 3505 1335 3600 interrogationes
1374 3523 1663 3598 negativis
1708 3522 2205 3580 enunciationibns
2246 3522 2343 3579 in-

284 3602 460 3677 ferri,
521 3606 571 3663 si
635 3626 764 3666 cum
825 3606 1088 3709 emphasi
1143 3608 1541 3706 proferantur,
1599 3615 1660 3664 ut
1714 3607 1768 3665 si
1809 3606 1993 3665 dicas.
2037 3601 2107 3668 τί
2144 3598 2345 3667 κακὸν
2410 3621 2415 3627 ·

283 3678 599 3764 πάσχεις,·
654 3689 869 3765 infers,
926 3681 1117 3753 οὐδὲν
1159 3686 1364 3753 κακὸν
1404 3682 1711 3769 πάσχεις,
1753 3698 1946 3749 tamen
1986 3690 2038 3749 si
2079 3688 2344 3748 conside-

285 3788 481 3829 remus
538 3776 862 3877 propositas
917 3775 1194 3849 loquendi
1249 3774 1562 3849 formulas,
1618 3774 1805 3848 qualis
1855 3783 1944 3833 est
1982 3774 2083 3831 illa
2122 3770 2345 3832 Demo·

282 3853 538 3929 sthennis,
595 3851 732 3918 καὶ
759 3853 826 3919 τί
884 3852 1087 3919 κακὸν
1128 3850 1272 3936 οὐχὶ
1313 3851 1741 3936 πασχόντωνε
1786 3867 1844 3917 et
1884 3856 2183 3934 Gregorii.
2230 3850 2345 3919 καὶ·

283 3931 384 3999 τί
405 3958 532 4021 γαρ
587 3930 666 4003 οὗ
719 3934 1021 4041 πάσχων,
1079 3950 1138 4001 et
1189 3941 1520 4004 huiusmodi
1574 3942 1721 4001 alias
1736 3982 1756 4017 ‚
1806 3950 2079 4019 negatum
2122 3940 2343 4001 habere

286 4024 526 4081 verbnm
589 4044 695 4083 seu
753 4023 1142 4100 participium·
1127 4070 1147 4101 ‚
1212 4026 1577 4086 videbimus
1596 4045 1721 4084 ιιοιι
1777 4024 2135 4107 negativam
2145 4066 2175 4125 ³.
2234 4023 2343 4086 sed

285 4098 722 4209 affimativam
772 4111 1234 4169 enunciationem
1294 4130 1376 4170 ex
1433 4111 1581 4185 ipsis
1629 4109 1871 4188 inferri,
1917 4118 1975 4171 et
2022 4112 2109 4173 sic
2156 4111 2223 4167 in
2276 4100 2345 4169 τί
2426 4118 2477 4168 Ρ·
2495 4103 2620 4155 3⁴2·

289 4184 432 4266 ουχὶ
490 4210 914 4271 πασχοντωνι
923 4244 930 4251 .
976 4194 1560 4271 interrogationibus,
1629 4215 1831 4257 vocem
1868 4191 1993 4271 τί,
2055 4211 2177 4253 ιιοιι
2222 4211 2345 4269 pro.
